<?xml version="1.0" encoding="UTF-8"?>
<!DOCTYPE html PUBLIC "-//W3C//DTD XHTML 1.0 Transitional//EN"
    "http://www.w3.org/TR/xhtml1/DTD/xhtml1-transitional.dtd">
<html xmlns="http://www.w3.org/1999/xhtml" xml:lang="en" lang="en">
 <head>
  <title>
</title>
<meta http-equiv="Content-Type" content="text/html;charset=utf-8" />
  <meta name='ocr-system' content='tesseract 3.04.00' />
  <meta name='ocr-capabilities' content='ocr_page ocr_carea ocr_par ocr_line ocrx_word'/>
</head>
<body>
  <div class='ocr_page' id='page_1' title='image "arcanacaelestiaq08sweduoft_0386.png"; bbox 0 0 2840 3718; ppageno 0'>
   <div class='ocr_carea' id='block_1_1' title="bbox 428 233 1847 365">
    <p class='ocr_par' dir='ltr' id='par_1_1' title="bbox 428 233 1847 365">
     <span class='ocr_line' id='line_1_1' title="bbox 428 233 1847 365; baseline -0.011 0"><span class='ocrx_word' id='word_1_1' title='bbox 428 233 630 365; x_wconf 41' lang='grc' dir='ltr'>384*Ι</span> <span class='ocrx_word' id='word_1_2' title='bbox 982 271 1064 350; x_wconf 76' lang='grc' dir='ltr'><em>Ε</em></span> <span class='ocrx_word' id='word_1_3' title='bbox 1137 285 1218 350; x_wconf 79' lang='lat' dir='ltr'><em>X</em></span> <span class='ocrx_word' id='word_1_4' title='bbox 1303 286 1379 357; x_wconf 85' lang='lat' dir='ltr'>o</span> <span class='ocrx_word' id='word_1_5' title='bbox 1451 271 1524 351; x_wconf 76' lang='lat' dir='ltr'><em>D</em></span> <span class='ocrx_word' id='word_1_6' title='bbox 1620 285 1691 350; x_wconf 85' lang='lat' dir='ltr'><em>U</em></span> <span class='ocrx_word' id='word_1_7' title='bbox 1773 259 1847 350; x_wconf 60' lang='lat' dir='ltr'>S(</span> 
     </span>
    </p>
   </div>
   <div class='ocr_carea' id='block_1_2' title="bbox 424 391 2571 469">
    <p class='ocr_par' dir='ltr' id='par_1_2' title="bbox 424 391 2571 469">
     <span class='ocr_line' id='line_1_2' title="bbox 424 391 2571 469; baseline 0.004 -22"><span class='ocrx_word' id='word_1_8' title='bbox 424 406 546 452; x_wconf 27' lang='lat' dir='ltr'>⁴*mala</span> <span class='ocrx_word' id='word_1_9' title='bbox 566 404 687 453; x_wconf 82' lang='lat' dir='ltr'>enim</span> <span class='ocrx_word' id='word_1_10' title='bbox 712 405 920 460; x_wconf 68' lang='lat' dir='ltr'>obstant,</span> <span class='ocrx_word' id='word_1_11' title='bbox 967 405 1092 452; x_wconf 88' lang='lat' dir='ltr'>aliter</span> <span class='ocrx_word' id='word_1_12' title='bbox 1113 402 1212 469; x_wconf 87' lang='lat' dir='ltr'>post</span> <span class='ocrx_word' id='word_1_13' title='bbox 1235 405 1536 468; x_wconf 81' lang='lat' dir='ltr'>expiationem</span> <span class='ocrx_word' id='word_1_14' title='bbox 1574 391 1653 451; x_wconf 74' lang='lat' dir='ltr'>seuv</span> <span class='ocrx_word' id='word_1_15' title='bbox 1681 405 1978 460; x_wconf 73' lang='lat' dir='ltr'>remotionem</span> <span class='ocrx_word' id='word_1_16' title='bbox 2020 403 2220 454; x_wconf 85' lang='lat' dir='ltr'>illorum.</span> <span class='ocrx_word' id='word_1_17' title='bbox 2290 408 2446 467; x_wconf 48' lang='lat' dir='ltr'>Quos⁷</span> <span class='ocrx_word' id='word_1_18' title='bbox 2506 414 2511 419; x_wconf 84' lang='lat'>&#39;</span> <span class='ocrx_word' id='word_1_19' title='bbox 2565 420 2571 427; x_wconf 86' lang='lat'><strong>·</strong></span> 
     </span>
    </p>
   </div>
   <div class='ocr_carea' id='block_1_3' title="bbox 430 470 2468 3360">
    <p class='ocr_par' dir='ltr' id='par_1_3' title="bbox 430 470 2425 866">
     <span class='ocr_line' id='line_1_3' title="bbox 430 470 2421 535; baseline 0.003 -18"><span class='ocrx_word' id='word_1_20' title='bbox 430 472 549 518; x_wconf 86' lang='lat' dir='ltr'>niam</span> <span class='ocrx_word' id='word_1_21' title='bbox 575 473 747 519; x_wconf 87' lang='lat' dir='ltr'>bonum</span> <span class='ocrx_word' id='word_1_22' title='bbox 782 471 905 534; x_wconf 87' lang='lat' dir='ltr'>quod</span> <span class='ocrx_word' id='word_1_23' title='bbox 930 472 1094 518; x_wconf 89' lang='lat' dir='ltr'>amoris</span> <span class='ocrx_word' id='word_1_24' title='bbox 1118 487 1208 518; x_wconf 90' lang='lat' dir='ltr'>non</span> <span class='ocrx_word' id='word_1_25' title='bbox 1243 471 1389 518; x_wconf 83' lang='lat' dir='ltr'>dabile</span> <span class='ocrx_word' id='word_1_26' title='bbox 1413 471 1492 528; x_wconf 85' lang='lat' dir='ltr'>est,</span> <span class='ocrx_word' id='word_1_27' title='bbox 1529 470 1609 518; x_wconf 76' lang='lat' dir='ltr'>nili</span> <span class='ocrx_word' id='word_1_28' title='bbox 1633 473 1767 518; x_wconf 87' lang='lat' dir='ltr'>etiam</span> <span class='ocrx_word' id='word_1_29' title='bbox 1805 470 1935 517; x_wconf 86' lang='lat' dir='ltr'>fimul</span> <span class='ocrx_word' id='word_1_30' title='bbox 1961 486 2119 522; x_wconf 85' lang='lat' dir='ltr'>verum</span> <span class='ocrx_word' id='word_1_31' title='bbox 2144 474 2269 535; x_wconf 90' lang='lat' dir='ltr'>quod</span> <span class='ocrx_word' id='word_1_32' title='bbox 2297 474 2421 532; x_wconf 86' lang='lat' dir='ltr'>fidei,</span> 
     </span>
     <span class='ocr_line' id='line_1_4' title="bbox 431 533 2425 601; baseline 0.003 -18"><span class='ocrx_word' id='word_1_33' title='bbox 431 537 604 584; x_wconf 86' lang='lat' dir='ltr'>bonum</span> <span class='ocrx_word' id='word_1_34' title='bbox 632 540 759 585; x_wconf 78' lang='lat' dir='ltr'>enim</span> <span class='ocrx_word' id='word_1_35' title='bbox 782 537 996 601; x_wconf 77' lang='lat' dir='ltr'>producit</span> <span class='ocrx_word' id='word_1_36' title='bbox 1015 551 1196 594; x_wconf 81' lang='lat' dir='ltr'>verum,</span> <span class='ocrx_word' id='word_1_37' title='bbox 1233 553 1283 584; x_wconf 89' lang='lat' dir='ltr'>ac</span> <span class='ocrx_word' id='word_1_38' title='bbox 1318 538 1362 584; x_wconf 87' lang='lat' dir='ltr'>in</span> <span class='ocrx_word' id='word_1_39' title='bbox 1387 553 1497 584; x_wconf 88' lang='lat' dir='ltr'>vero</span> <span class='ocrx_word' id='word_1_40' title='bbox 1531 549 1762 600; x_wconf 85' lang='lat' dir='ltr'>comparat</span> <span class='ocrx_word' id='word_1_41' title='bbox 1793 536 1871 584; x_wconf 81' lang='lat' dir='ltr'>fibi</span> <span class='ocrx_word' id='word_1_42' title='bbox 1907 533 2037 584; x_wconf 86' lang='lat' dir='ltr'>suum</span> <span class='ocrx_word' id='word_1_43' title='bbox 2072 537 2220 600; x_wconf 83' lang='lat' dir='ltr'>quale,</span> <span class='ocrx_word' id='word_1_44' title='bbox 2262 540 2310 586; x_wconf 86' lang='lat'>&amp;</span> <span class='ocrx_word' id='word_1_45' title='bbox 2334 538 2425 588; x_wconf 90' lang='lat' dir='ltr'>for-</span> 
     </span>
     <span class='ocr_line' id='line_1_5' title="bbox 433 602 2424 668; baseline 0.003 -19"><span class='ocrx_word' id='word_1_46' title='bbox 433 615 527 650; x_wconf 82' lang='lat' dir='ltr'>mat</span> <span class='ocrx_word' id='word_1_47' title='bbox 553 603 607 659; x_wconf 85' lang='lat' dir='ltr'>se,</span> <span class='ocrx_word' id='word_1_48' title='bbox 645 605 748 650; x_wconf 88' lang='lat' dir='ltr'>inde</span> <span class='ocrx_word' id='word_1_49' title='bbox 767 616 857 650; x_wconf 85' lang='lat' dir='ltr'>erat</span> <span class='ocrx_word' id='word_1_50' title='bbox 889 604 1014 667; x_wconf 80' lang='lat' dir='ltr'>quod</span> <span class='ocrx_word' id='word_1_51' title='bbox 1051 602 1182 667; x_wconf 83' lang='lat' dir='ltr'>super</span> <span class='ocrx_word' id='word_1_52' title='bbox 1214 606 1325 651; x_wconf 81' lang='lat' dir='ltr'>omni</span> <span class='ocrx_word' id='word_1_53' title='bbox 1356 604 1554 651; x_wconf 76' lang='lat' dir='ltr'>minchah</span> <span class='ocrx_word' id='word_1_54' title='bbox 1574 602 1667 667; x_wconf 72' lang='lat' dir='ltr'>effet</span> <span class='ocrx_word' id='word_1_55' title='bbox 1692 603 1824 659; x_wconf 85' lang='lat' dir='ltr'>thus·;</span> <span class='ocrx_word' id='word_1_56' title='bbox 1861 603 1911 650; x_wconf 76' lang='grc' dir='ltr'>δε</span> <span class='ocrx_word' id='word_1_57' title='bbox 1952 619 2136 667; x_wconf 83' lang='lat' dir='ltr'>quoque</span> <span class='ocrx_word' id='word_1_58' title='bbox 2147 607 2280 668; x_wconf 82' lang='lat' dir='ltr'>super</span> <span class='ocrx_word' id='word_1_59' title='bbox 2295 611 2424 668; x_wconf 76' lang='lat' dir='ltr'>pani-</span> 
     </span>
     <span class='ocr_line' id='line_1_6' title="bbox 434 669 2425 737; baseline 0.003 -22"><span class='ocrx_word' id='word_1_60' title='bbox 434 670 510 715; x_wconf 84' lang='lat' dir='ltr'>bus</span> <span class='ocrx_word' id='word_1_61' title='bbox 531 669 762 730; x_wconf 72' lang='lat' dir='ltr'>facierum,</span> <span class='ocrx_word' id='word_1_62' title='bbox 809 671 890 732; x_wconf 58' lang='lat' dir='ltr'>‘qui</span> <span class='ocrx_word' id='word_1_63' title='bbox 928 669 1058 733; x_wconf 87' lang='lat' dir='ltr'>super</span> <span class='ocrx_word' id='word_1_64' title='bbox 1104 670 1253 717; x_wconf 82' lang='lat' dir='ltr'>mensa</span> <span class='ocrx_word' id='word_1_65' title='bbox 1298 670 1342 716; x_wconf 88' lang='lat' dir='ltr'>in</span> <span class='ocrx_word' id='word_1_66' title='bbox 1381 670 1606 717; x_wconf 87' lang='lat' dir='ltr'>Tentorio</span> <span class='ocrx_word' id='word_1_67' title='bbox 1661 671 1960 727; x_wconf 88' lang='lat' dir='ltr'>conventus,&#39;&#39;</span> <span class='ocrx_word' id='word_1_68' title='bbox 2007 669 2144 717; x_wconf 88' lang='lat' dir='ltr'>Levit</span> <span class='ocrx_word' id='word_1_69' title='bbox 2162 690 2171 718; x_wconf 92' lang='lat'>:</span> <span class='ocrx_word' id='word_1_70' title='bbox 2192 687 2313 718; x_wconf 80' lang='lat' dir='ltr'>xxlv</span> <span class='ocrx_word' id='word_1_71' title='bbox 2333 690 2343 720; x_wconf 90' lang='lat'>:</span> <span class='ocrx_word' id='word_1_72' title='bbox 2367 690 2425 737; x_wconf 71' lang='lat'>73.</span> 
     </span>
     <span class='ocr_line' id='line_1_7' title="bbox 432 734 2424 804; baseline 0.004 -24"><span class='ocrx_word' id='word_1_73' title='bbox 432 750 567 797; x_wconf 88' lang='lat' dir='ltr'>panes</span> <span class='ocrx_word' id='word_1_74' title='bbox 590 737 710 782; x_wconf 84' lang='lat' dir='ltr'>enim</span> <span class='ocrx_word' id='word_1_75' title='bbox 737 735 1045 798; x_wconf 78' lang='lat' dir='ltr'>significabant</span> <span class='ocrx_word' id='word_1_76' title='bbox 1079 734 1252 782; x_wconf 89' lang='lat' dir='ltr'>bonum</span> <span class='ocrx_word' id='word_1_77' title='bbox 1288 738 1469 792; x_wconf 85' lang='lat' dir='ltr'>amoris,</span> <span class='ocrx_word' id='word_1_78' title='bbox 1511 753 1570 784; x_wconf 90' lang='lat' dir='ltr'>n:</span> <span class='ocrx_word' id='word_1_79' title='bbox 1598 740 1743 801; x_wconf 84' lang='lat'>3478,</span> <span class='ocrx_word' id='word_1_80' title='bbox 1771 738 1912 799; x_wconf 84' lang='lat'>3813.</span> <span class='ocrx_word' id='word_1_81' title='bbox 1939 751 2082 796; x_wconf 81' lang='lat'>4211.</span> <span class='ocrx_word' id='word_1_82' title='bbox 2109 753 2252 802; x_wconf 87' lang='lat'>4217.</span> <span class='ocrx_word' id='word_1_83' title='bbox 2277 755 2424 804; x_wconf 86' lang='lat'><strong><em>4735.</em></strong></span> 
     </span>
     <span class='ocr_line' id='line_1_8' title="bbox 435 799 1540 866; baseline 0.004 -21"><span class='ocrx_word' id='word_1_84' title='bbox 435 799 579 865; x_wconf 88' lang='lat'>4976.</span> <span class='ocrx_word' id='word_1_85' title='bbox 607 803 748 862; x_wconf 79' lang='lat'>8410.</span> <span class='ocrx_word' id='word_1_86' title='bbox 778 819 920 866; x_wconf 85' lang='lat'>9323.</span> <span class='ocrx_word' id='word_1_87' title='bbox 949 814 1092 865; x_wconf 81' lang='lat'>9545.</span> <span class='ocrx_word' id='word_1_88' title='bbox 1127 818 1317 859; x_wconf 86' lang='lat' dir='ltr'>10,04o.</span> <span class='ocrx_word' id='word_1_89' title='bbox 1349 819 1540 865; x_wconf 84' lang='lat'>10‚137.</span> 
     </span>
    </p>

    <p class='ocr_par' dir='ltr' id='par_1_4' title="bbox 431 866 2436 1903">
     <span class='ocr_line' id='line_1_9' title="bbox 508 866 2425 931; baseline 0.004 -19"><span class='ocrx_word' id='word_1_90' title='bbox 508 874 699 929; x_wconf 90' lang='lat'>10‚178.</span> <span class='ocrx_word' id='word_1_91' title='bbox 737 867 902 931; x_wconf 89' lang='lat' dir='ltr'>Lignis</span> <span class='ocrx_word' id='word_1_92' title='bbox 925 868 1135 914; x_wconf 85' lang='lat' dir='ltr'>Schittim</span> <span class='ocrx_word' id='word_1_93' title='bbox 1176 866 1305 914; x_wconf 86' lang='lat' dir='ltr'>facies</span> <span class='ocrx_word' id='word_1_94' title='bbox 1345 868 1475 923; x_wconf 84' lang='lat' dir='ltr'>illud,</span> <span class='ocrx_word' id='word_1_95' title='bbox 1525 867 1651 929; x_wconf 91' lang='lat' dir='ltr'>quod</span> <span class='ocrx_word' id='word_1_96' title='bbox 1691 866 1912 930; x_wconf 69' lang='lat' dir='ltr'>significet</span> <span class='ocrx_word' id='word_1_97' title='bbox 1958 883 2015 914; x_wconf 84' lang='lat' dir='ltr'>ex</span> <span class='ocrx_word' id='word_1_98' title='bbox 2047 883 2200 915; x_wconf 88' lang='lat' dir='ltr'>amore</span> <span class='ocrx_word' id='word_1_99' title='bbox 2235 870 2425 926; x_wconf 82' lang='lat' dir='ltr'>Divino,</span> 
     </span>
     <span class='ocr_line' id='line_1_10' title="bbox 437 931 2429 999; baseline 0.005 -23"><span class='ocrx_word' id='word_1_100' title='bbox 437 931 609 978; x_wconf 85' lang='lat' dir='ltr'>constat</span> <span class='ocrx_word' id='word_1_101' title='bbox 628 949 684 979; x_wconf 83' lang='lat' dir='ltr'>ex</span> <span class='ocrx_word' id='word_1_102' title='bbox 711 933 1030 997; x_wconf 78' lang='lat' dir='ltr'>significatione</span> <span class='ocrx_word' id='word_1_103' title='bbox 1057 933 1167 997; x_wconf 88' lang='lat' dir='ltr'>ligni</span> <span class='ocrx_word' id='word_1_104' title='bbox 1183 933 1411 989; x_wconf 88' lang='lat' dir='ltr'>Schittim,</span> <span class='ocrx_word' id='word_1_105' title='bbox 1431 933 1556 996; x_wconf 91' lang='lat' dir='ltr'>quod</span> <span class='ocrx_word' id='word_1_106' title='bbox 1579 933 1632 980; x_wconf 77' lang='lat' dir='ltr'>sit</span> <span class='ocrx_word' id='word_1_107' title='bbox 1657 933 1827 980; x_wconf 88' lang='lat' dir='ltr'>bonum</span> <span class='ocrx_word' id='word_1_108' title='bbox 1855 933 2001 979; x_wconf 88' lang='lat' dir='ltr'>meriti</span> <span class='ocrx_word' id='word_1_109' title='bbox 2027 935 2075 981; x_wconf 77' lang='grc' dir='ltr'>δε</span> <span class='ocrx_word' id='word_1_110' title='bbox 2090 933 2278 996; x_wconf 84' lang='lat' dir='ltr'>justitiae</span> <span class='ocrx_word' id='word_1_111' title='bbox 2300 939 2429 999; x_wconf 87' lang='lat' dir='ltr'>quod</span> 
     </span>
     <span class='ocr_line' id='line_1_11' title="bbox 435 997 2430 1066; baseline 0.004 -23"><span class='ocrx_word' id='word_1_112' title='bbox 435 997 569 1044; x_wconf 87' lang='lat' dir='ltr'>solius</span> <span class='ocrx_word' id='word_1_113' title='bbox 594 999 801 1056; x_wconf 86' lang='lat' dir='ltr'>Domini,</span> <span class='ocrx_word' id='word_1_114' title='bbox 837 1000 893 1046; x_wconf 90' lang='lat' dir='ltr'>de</span> <span class='ocrx_word' id='word_1_115' title='bbox 916 1015 1005 1063; x_wconf 85' lang='lat' dir='ltr'>qua</span> <span class='ocrx_word' id='word_1_116' title='bbox 1040 1016 1067 1046; x_wconf 89' lang='lat' dir='ltr'>n</span> <span class='ocrx_word' id='word_1_117' title='bbox 1086 1018 1097 1047; x_wconf 89' lang='lat'><strong>:</strong></span> <span class='ocrx_word' id='word_1_118' title='bbox 1118 1015 1262 1063; x_wconf 81' lang='lat'>9472.</span> <span class='ocrx_word' id='word_1_119' title='bbox 1290 1000 1432 1060; x_wconf 84' lang='grc'>9486.</span> <span class='ocrx_word' id='word_1_120' title='bbox 1458 1015 1615 1064; x_wconf 85' lang='lat'>9715:</span> <span class='ocrx_word' id='word_1_121' title='bbox 1665 999 1789 1062; x_wconf 86' lang='lat' dir='ltr'>quod</span> <span class='ocrx_word' id='word_1_122' title='bbox 1821 999 1954 1046; x_wconf 89' lang='lat' dir='ltr'>etiam</span> <span class='ocrx_word' id='word_1_123' title='bbox 1986 998 2039 1045; x_wconf 88' lang='lat' dir='ltr'>fit</span> <span class='ocrx_word' id='word_1_124' title='bbox 2060 1015 2205 1059; x_wconf 85' lang='lat' dir='ltr'>amor,</span> <span class='ocrx_word' id='word_1_125' title='bbox 2240 1001 2303 1047; x_wconf 85' lang='lat' dir='ltr'>est</span> <span class='ocrx_word' id='word_1_126' title='bbox 2325 1004 2430 1066; x_wconf 88' lang='lat' dir='ltr'>quia</span> 
     </span>
     <span class='ocr_line' id='line_1_12' title="bbox 438 1063 2430 1129; baseline 0.003 -20"><span class='ocrx_word' id='word_1_127' title='bbox 438 1064 666 1111; x_wconf 85' lang='lat' dir='ltr'>Dominus</span> <span class='ocrx_word' id='word_1_128' title='bbox 692 1065 877 1123; x_wconf 74' lang='lat' dir='ltr'>cumin</span> <span class='ocrx_word' id='word_1_129' title='bbox 901 1066 1077 1113; x_wconf 85' lang='lat' dir='ltr'>mundo</span> <span class='ocrx_word' id='word_1_130' title='bbox 1107 1064 1212 1122; x_wconf 88' lang='lat' dir='ltr'>fuit,</span> <span class='ocrx_word' id='word_1_131' title='bbox 1254 1081 1309 1112; x_wconf 83' lang='lat' dir='ltr'>ex</span> <span class='ocrx_word' id='word_1_132' title='bbox 1331 1065 1506 1113; x_wconf 87' lang='lat' dir='ltr'>Divino</span> <span class='ocrx_word' id='word_1_133' title='bbox 1545 1063 1697 1112; x_wconf 87' lang='lat' dir='ltr'>amore</span> <span class='ocrx_word' id='word_1_134' title='bbox 1727 1066 1951 1129; x_wconf 87' lang='lat' dir='ltr'>pugnavit</span> <span class='ocrx_word' id='word_1_135' title='bbox 1985 1078 2140 1112; x_wconf 88' lang='lat' dir='ltr'>contra</span> <span class='ocrx_word' id='word_1_136' title='bbox 2174 1069 2326 1114; x_wconf 90' lang='lat' dir='ltr'>omnia</span> <span class='ocrx_word' id='word_1_137' title='bbox 2361 1071 2430 1115; x_wconf 90' lang='lat' dir='ltr'>in-</span> 
     </span>
     <span class='ocr_line' id='line_1_13' title="bbox 437 1129 2428 1195; baseline 0.004 -20"><span class='ocrx_word' id='word_1_138' title='bbox 437 1130 572 1185; x_wconf 81' lang='lat' dir='ltr'>ferna,</span> <span class='ocrx_word' id='word_1_139' title='bbox 609 1147 658 1177; x_wconf 89' lang='lat' dir='ltr'>ac</span> <span class='ocrx_word' id='word_1_140' title='bbox 682 1129 938 1195; x_wconf 88' lang='lat' dir='ltr'>subjugavit</span> <span class='ocrx_word' id='word_1_141' title='bbox 963 1132 1053 1188; x_wconf 85' lang='lat' dir='ltr'>illa,</span> <span class='ocrx_word' id='word_1_142' title='bbox 1082 1132 1130 1179; x_wconf 73' lang='grc' dir='ltr'>δε</span> <span class='ocrx_word' id='word_1_143' title='bbox 1153 1131 1211 1178; x_wconf 89' lang='lat' dir='ltr'>fic</span> <span class='ocrx_word' id='word_1_144' title='bbox 1236 1130 1419 1179; x_wconf 84' lang='lat' dir='ltr'>salvavit</span> <span class='ocrx_word' id='word_1_145' title='bbox 1441 1146 1583 1193; x_wconf 87' lang='lat' dir='ltr'>genus</span> <span class='ocrx_word' id='word_1_146' title='bbox 1607 1131 1875 1187; x_wconf 88' lang='lat' dir='ltr'>humanum,</span> <span class='ocrx_word' id='word_1_147' title='bbox 1900 1131 1950 1178; x_wconf 76' lang='grc' dir='ltr'>δε</span> <span class='ocrx_word' id='word_1_148' title='bbox 1974 1131 2077 1178; x_wconf 86' lang='lat' dir='ltr'>inde</span> <span class='ocrx_word' id='word_1_149' title='bbox 2106 1130 2221 1179; x_wconf 79' lang='lat' dir='ltr'>solus</span> <span class='ocrx_word' id='word_1_150' title='bbox 2247 1136 2428 1191; x_wconf 87' lang='lat' dir='ltr'>meruit,</span> 
     </span>
     <span class='ocr_line' id='line_1_14' title="bbox 433 1195 2428 1263; baseline 0.003 -21"><span class='ocrx_word' id='word_1_151' title='bbox 433 1197 488 1242; x_wconf 81' lang='lat'>-&amp;</span> <span class='ocrx_word' id='word_1_152' title='bbox 513 1195 692 1256; x_wconf 89' lang='lat' dir='ltr'>Justitia</span> <span class='ocrx_word' id='word_1_153' title='bbox 715 1195 856 1244; x_wconf 63' lang='lat' dir='ltr'>faetus</span> <span class='ocrx_word' id='word_1_154' title='bbox 879 1196 958 1253; x_wconf 89' lang='lat' dir='ltr'>est,</span> <span class='ocrx_word' id='word_1_155' title='bbox 995 1197 1203 1244; x_wconf 87' lang='lat' dir='ltr'>videatur</span> <span class='ocrx_word' id='word_1_156' title='bbox 1237 1214 1266 1243; x_wconf 89' lang='lat' dir='ltr'>n</span> <span class='ocrx_word' id='word_1_157' title='bbox 1287 1216 1297 1244; x_wconf 77' lang='grc' dir='ltr'><em>τ</em></span> <span class='ocrx_word' id='word_1_158' title='bbox 1319 1200 1464 1263; x_wconf 80' lang='grc'>9486.</span> <span class='ocrx_word' id='word_1_159' title='bbox 1492 1212 1634 1262; x_wconf 87' lang='lat'>9715.</span> <span class='ocrx_word' id='word_1_160' title='bbox 1664 1200 1807 1262; x_wconf 89' lang='lat'>9809.</span> <span class='ocrx_word' id='word_1_161' title='bbox 1847 1210 2036 1260; x_wconf 83' lang='lat'>10,019.</span> <span class='ocrx_word' id='word_1_162' title='bbox 2068 1197 2276 1262; x_wconf 78' lang='lat'>10,1523</span> <span class='ocrx_word' id='word_1_163' title='bbox 2317 1214 2428 1263; x_wconf 88' lang='lat' dir='ltr'>qua-</span> 
     </span>
     <span class='ocr_line' id='line_1_15' title="bbox 438 1261 2427 1327; baseline 0.003 -19"><span class='ocrx_word' id='word_1_164' title='bbox 438 1275 624 1325; x_wconf 87' lang='lat' dir='ltr'>propter</span> <span class='ocrx_word' id='word_1_165' title='bbox 645 1263 818 1309; x_wconf 91' lang='lat' dir='ltr'>bonum</span> <span class='ocrx_word' id='word_1_166' title='bbox 845 1263 992 1309; x_wconf 88' lang='lat' dir='ltr'>meriti</span> <span class='ocrx_word' id='word_1_167' title='bbox 1018 1263 1208 1309; x_wconf 84' lang='lat' dir='ltr'>Domini</span> <span class='ocrx_word' id='word_1_168' title='bbox 1233 1262 1295 1309; x_wconf 91' lang='lat' dir='ltr'>est</span> <span class='ocrx_word' id='word_1_169' title='bbox 1313 1262 1508 1310; x_wconf 89' lang='lat' dir='ltr'>Divinus</span> <span class='ocrx_word' id='word_1_170' title='bbox 1541 1278 1671 1310; x_wconf 89' lang='lat' dir='ltr'>amor</span> <span class='ocrx_word' id='word_1_171' title='bbox 1691 1261 1846 1324; x_wconf 88' lang='lat' dir='ltr'>Ipfius.</span> <span class='ocrx_word' id='word_1_172' title='bbox 1916 1262 2063 1324; x_wconf 80' lang='lat' dir='ltr'>Qod</span> <span class='ocrx_word' id='word_1_173' title='bbox 2086 1263 2264 1327; x_wconf 87' lang='lat' dir='ltr'>lignum</span> <span class='ocrx_word' id='word_1_174' title='bbox 2281 1265 2427 1314; x_wconf 83' lang='lat' dir='ltr'>Schic-</span> 
     </span>
     <span class='ocr_line' id='line_1_16' title="bbox 439 1326 2430 1397; baseline 0.004 -24"><span class='ocrx_word' id='word_1_175' title='bbox 439 1329 524 1374; x_wconf 87' lang='lat' dir='ltr'>tim</span> <span class='ocrx_word' id='word_1_176' title='bbox 560 1328 656 1374; x_wconf 88' lang='lat' dir='ltr'>talis</span> <span class='ocrx_word' id='word_1_177' title='bbox 698 1329 748 1375; x_wconf 74' lang='grc' dir='ltr'>ὅτ,</span> <span class='ocrx_word' id='word_1_178' title='bbox 785 1340 921 1375; x_wconf 86' lang='lat' dir='ltr'>tantae</span> <span class='ocrx_word' id='word_1_179' title='bbox 962 1326 1297 1392; x_wconf 82' lang='lat' dir='ltr'>significationis</span> <span class='ocrx_word' id='word_1_180' title='bbox 1335 1329 1404 1385; x_wconf 79' lang='lat' dir='ltr'>sit,</span> <span class='ocrx_word' id='word_1_181' title='bbox 1440 1328 1502 1375; x_wconf 88' lang='lat' dir='ltr'>est</span> <span class='ocrx_word' id='word_1_182' title='bbox 1534 1329 1641 1392; x_wconf 89' lang='lat' dir='ltr'>quia</span> <span class='ocrx_word' id='word_1_183' title='bbox 1672 1330 1827 1376; x_wconf 87' lang='lat' dir='ltr'>omnia</span> <span class='ocrx_word' id='word_1_184' title='bbox 1860 1343 1968 1391; x_wconf 88' lang='lat' dir='ltr'>quae</span> <span class='ocrx_word' id='word_1_185' title='bbox 2003 1327 2058 1374; x_wconf 80' lang='lat' dir='ltr'>in</span> <span class='ocrx_word' id='word_1_186' title='bbox 2085 1329 2263 1393; x_wconf 88' lang='lat' dir='ltr'>triplici·</span> <span class='ocrx_word' id='word_1_187' title='bbox 2288 1346 2430 1397; x_wconf 83' lang='lat' dir='ltr'>regno</span> 
     </span>
     <span class='ocr_line' id='line_1_17' title="bbox 438 1393 2430 1460; baseline 0.003 -21"><span class='ocrx_word' id='word_1_188' title='bbox 438 1393 608 1440; x_wconf 83' lang='lat' dir='ltr'>telluris</span> <span class='ocrx_word' id='word_1_189' title='bbox 642 1393 760 1451; x_wconf 88' lang='lat' dir='ltr'>sunt,</span> <span class='ocrx_word' id='word_1_190' title='bbox 797 1410 960 1459; x_wconf 85' lang='lat' dir='ltr'><strong>nempe</strong></span> <span class='ocrx_word' id='word_1_191' title='bbox 982 1410 1087 1458; x_wconf 83' lang='lat' dir='ltr'>quae</span> <span class='ocrx_word' id='word_1_192' title='bbox 1107 1393 1165 1440; x_wconf 80' lang='lat' dir='ltr'>&#39;in</span> <span class='ocrx_word' id='word_1_193' title='bbox 1190 1397 1357 1459; x_wconf 86' lang='lat' dir='ltr'>Regno</span> <span class='ocrx_word' id='word_1_194' title='bbox 1395 1393 1593 1451; x_wconf 84' lang='lat' dir='ltr'>animali,</span> <span class='ocrx_word' id='word_1_195' title='bbox 1628 1393 1888 1458; x_wconf 81' lang='lat' dir='ltr'>vegetabili,</span> <span class='ocrx_word' id='word_1_196' title='bbox 1924 1395 1975 1442; x_wconf 87' lang='lat'>&amp;</span> <span class='ocrx_word' id='word_1_197' title='bbox 2005 1395 2222 1454; x_wconf 82' lang='lat' dir='ltr'>minerali,</span> <span class='ocrx_word' id='word_1_198' title='bbox 2259 1395 2430 1460; x_wconf 85' lang='lat' dir='ltr'>fignifi-</span> 
     </span>
     <span class='ocr_line' id='line_1_18' title="bbox 431 1458 2432 1525; baseline 0.002 -20"><span class='ocrx_word' id='word_1_199' title='bbox 431 1472 540 1506; x_wconf 26' lang='lat' dir='ltr'>sscent</span> <span class='ocrx_word' id='word_1_200' title='bbox 581 1460 819 1523; x_wconf 85' lang='lat' dir='ltr'>spiritualia</span> <span class='ocrx_word' id='word_1_201' title='bbox 862 1461 914 1508; x_wconf 75' lang='grc' dir='ltr'>ὅτ</span> <span class='ocrx_word' id='word_1_202' title='bbox 951 1459 1160 1516; x_wconf 86' lang='lat' dir='ltr'>coelestia,</span> <span class='ocrx_word' id='word_1_203' title='bbox 1197 1473 1249 1507; x_wconf 93' lang='lat' dir='ltr'>ut</span> <span class='ocrx_word' id='word_1_204' title='bbox 1289 1463 1339 1508; x_wconf 77' lang='grc' dir='ltr'>δε</span> <span class='ocrx_word' id='word_1_205' title='bbox 1377 1458 1463 1512; x_wconf 86' lang='lat' dir='ltr'>illis</span> <span class='ocrx_word' id='word_1_206' title='bbox 1503 1459 1724 1525; x_wconf 80' lang='lat' dir='ltr'>opposita,</span> <span class='ocrx_word' id='word_1_207' title='bbox 1772 1475 1877 1508; x_wconf 89' lang='lat' dir='ltr'>nam</span> <span class='ocrx_word' id='word_1_208' title='bbox 1919 1459 2120 1508; x_wconf 86' lang='lat' dir='ltr'>universa</span> <span class='ocrx_word' id='word_1_209' title='bbox 2158 1461 2334 1510; x_wconf 89' lang='lat' dir='ltr'>Natura</span> <span class='ocrx_word' id='word_1_210' title='bbox 2367 1464 2432 1512; x_wconf 85' lang='lat' dir='ltr'>est</span> 
     </span>
     <span class='ocr_line' id='line_1_19' title="bbox 438 1524 2433 1591; baseline 0.001 -20"><span class='ocrx_word' id='word_1_211' title='bbox 438 1524 690 1580; x_wconf 83' lang='lat' dir='ltr'>Theatrum</span> <span class='ocrx_word' id='word_1_212' title='bbox 732 1525 1142 1590; x_wconf 70' lang='lat' dir='ltr'>repraesentativum</span> <span class='ocrx_word' id='word_1_213' title='bbox 1187 1526 1338 1590; x_wconf 87' lang='lat' dir='ltr'>Regni</span> <span class='ocrx_word' id='word_1_214' title='bbox 1372 1527 1582 1583; x_wconf 88' lang='lat' dir='ltr'>Domini,</span> <span class='ocrx_word' id='word_1_215' title='bbox 1633 1524 1872 1578; x_wconf 81' lang='lat' dir='ltr'>videantur</span> <span class='ocrx_word' id='word_1_216' title='bbox 1909 1524 2039 1573; x_wconf 87' lang='lat' dir='ltr'>citata</span> <span class='ocrx_word' id='word_1_217' title='bbox 2073 1543 2133 1574; x_wconf 89' lang='lat' dir='ltr'>n:</span> <span class='ocrx_word' id='word_1_218' title='bbox 2154 1530 2318 1591; x_wconf 81' lang='lat'>92803</span> <span class='ocrx_word' id='word_1_219' title='bbox 2382 1533 2433 1579; x_wconf 76' lang='grc' dir='ltr'>ὅτ,</span> 
     </span>
     <span class='ocr_line' id='line_1_20' title="bbox 439 1589 2433 1656; baseline 0.005 -20"><span class='ocrx_word' id='word_1_220' title='bbox 439 1591 618 1655; x_wconf 85' lang='lat' dir='ltr'>lignum</span> <span class='ocrx_word' id='word_1_221' title='bbox 655 1593 700 1639; x_wconf 90' lang='lat' dir='ltr'>in</span> <span class='ocrx_word' id='word_1_222' title='bbox 730 1606 896 1656; x_wconf 81' lang='lat' dir='ltr'>genere</span> <span class='ocrx_word' id='word_1_223' title='bbox 917 1591 1140 1656; x_wconf 86' lang='lat' dir='ltr'>fignificat</span> <span class='ocrx_word' id='word_1_224' title='bbox 1178 1592 1350 1640; x_wconf 87' lang='lat' dir='ltr'>bonum</span> <span class='ocrx_word' id='word_1_225' title='bbox 1385 1594 1569 1648; x_wconf 88' lang='lat' dir='ltr'>amoris,</span> <span class='ocrx_word' id='word_1_226' title='bbox 1611 1592 1661 1639; x_wconf 77' lang='grc' dir='ltr'>δε</span> <span class='ocrx_word' id='word_1_227' title='bbox 1697 1589 1741 1638; x_wconf 82' lang='lat' dir='ltr'>in</span> <span class='ocrx_word' id='word_1_228' title='bbox 1777 1590 1918 1654; x_wconf 22' lang='lat' dir='ltr'>,spe-cie</span> <span class='ocrx_word' id='word_1_229' title='bbox 1952 1591 2124 1639; x_wconf 87' lang='lat' dir='ltr'>bonurn</span> <span class='ocrx_word' id='word_1_230' title='bbox 2167 1595 2332 1651; x_wconf 89' lang='lat' dir='ltr'>meriti,</span> <span class='ocrx_word' id='word_1_231' title='bbox 2368 1612 2433 1644; x_wconf 85' lang='lat' dir='ltr'>n:</span> 
     </span>
     <span class='ocr_line' id='line_1_21' title="bbox 441 1655 2434 1725; baseline 0.003 -20"><span class='ocrx_word' id='word_1_232' title='bbox 441 1660 587 1720; x_wconf 86' lang='lat'>2784.</span> <span class='ocrx_word' id='word_1_233' title='bbox 613 1662 753 1707; x_wconf 85' lang='lat'>2812.</span> <span class='ocrx_word' id='word_1_234' title='bbox 782 1674 926 1723; x_wconf 86' lang='lat'><strong>3720.</strong></span> <span class='ocrx_word' id='word_1_235' title='bbox 950 1675 1095 1723; x_wconf 87' lang='lat'>4943.</span> <span class='ocrx_word' id='word_1_236' title='bbox 1126 1663 1266 1720; x_wconf 83' lang='lat'>8354.</span> <span class='ocrx_word' id='word_1_237' title='bbox 1296 1663 1462 1721; x_wconf 70' lang='lat'>87403</span> <span class='ocrx_word' id='word_1_238' title='bbox 1503 1657 1607 1704; x_wconf 88' lang='lat' dir='ltr'>inde</span> <span class='ocrx_word' id='word_1_239' title='bbox 1630 1655 1708 1713; x_wconf 89' lang='lat' dir='ltr'>est,</span> <span class='ocrx_word' id='word_1_240' title='bbox 1744 1656 1872 1720; x_wconf 91' lang='lat' dir='ltr'>quod</span> <span class='ocrx_word' id='word_1_241' title='bbox 1895 1657 2105 1720; x_wconf 82' lang='lat' dir='ltr'>Lignum</span> <span class='ocrx_word' id='word_1_242' title='bbox 2145 1660 2204 1704; x_wconf 46' lang='lat' dir='ltr'>in*</span> <span class='ocrx_word' id='word_1_243' title='bbox 2225 1659 2434 1725; x_wconf 88' lang='lat' dir='ltr'>supremo</span> 
     </span>
     <span class='ocr_line' id='line_1_22' title="bbox 437 1721 2434 1788; baseline 0.004 -19"><span class='ocrx_word' id='word_1_244' title='bbox 437 1722 560 1770; x_wconf 83' lang='lat' dir='ltr'>sensu</span> <span class='ocrx_word' id='word_1_245' title='bbox 605 1723 828 1787; x_wconf 86' lang='lat' dir='ltr'>fignificet</span> <span class='ocrx_word' id='word_1_246' title='bbox 872 1723 1098 1772; x_wconf 87' lang='lat' dir='ltr'>Divinum</span> <span class='ocrx_word' id='word_1_247' title='bbox 1146 1724 1345 1781; x_wconf 88' lang='lat' dir='ltr'>Bonum,</span> <span class='ocrx_word' id='word_1_248' title='bbox 1392 1727 1610 1788; x_wconf 90' lang='lat' dir='ltr'>quoniam</span> <span class='ocrx_word' id='word_1_249' title='bbox 1657 1725 1811 1770; x_wconf 91' lang='lat' dir='ltr'>omnia</span> <span class='ocrx_word' id='word_1_250' title='bbox 1854 1739 1961 1786; x_wconf 83' lang='lat' dir='ltr'>quae</span> <span class='ocrx_word' id='word_1_251' title='bbox 2007 1725 2054 1769; x_wconf 89' lang='lat' dir='ltr'>in</span> <span class='ocrx_word' id='word_1_252' title='bbox 2095 1721 2217 1770; x_wconf 90' lang='lat' dir='ltr'>sensu</span> <span class='ocrx_word' id='word_1_253' title='bbox 2256 1727 2434 1776; x_wconf 87' lang='lat' dir='ltr'>interno</span> 
     </span>
     <span class='ocr_line' id='line_1_23' title="bbox 440 1786 2436 1856; baseline 0.004 -21"><span class='ocrx_word' id='word_1_254' title='bbox 440 1790 692 1851; x_wconf 81' lang='lat' dir='ltr'>fignificant</span> <span class='ocrx_word' id='word_1_255' title='bbox 730 1790 832 1837; x_wconf 89' lang='lat' dir='ltr'>talia</span> <span class='ocrx_word' id='word_1_256' title='bbox 869 1807 975 1854; x_wconf 86' lang='lat' dir='ltr'>quae</span> <span class='ocrx_word' id='word_1_257' title='bbox 1010 1789 1225 1837; x_wconf 87' lang='lat' dir='ltr'>Ecclefiae</span> <span class='ocrx_word' id='word_1_258' title='bbox 1272 1792 1321 1838; x_wconf 89' lang='lat'>&amp;</span> <span class='ocrx_word' id='word_1_259' title='bbox 1361 1789 1482 1837; x_wconf 86' lang='lat' dir='ltr'>Coeli</span> <span class='ocrx_word' id='word_1_260' title='bbox 1519 1789 1637 1846; x_wconf 87' lang='lat' dir='ltr'>sunt,</span> <span class='ocrx_word' id='word_1_261' title='bbox 1684 1790 1731 1836; x_wconf 89' lang='lat' dir='ltr'>in</span> <span class='ocrx_word' id='word_1_262' title='bbox 1772 1786 1893 1836; x_wconf 88' lang='lat' dir='ltr'>sensu</span> <span class='ocrx_word' id='word_1_263' title='bbox 1932 1786 2142 1854; x_wconf 87' lang='lat' dir='ltr'>supremo</span> <span class='ocrx_word' id='word_1_264' title='bbox 2180 1788 2436 1856; x_wconf 67' lang='lat' dir='ltr'>significant</span> 
     </span>
     <span class='ocr_line' id='line_1_24' title="bbox 439 1856 2346 1903; baseline 0.003 -2"><span class='ocrx_word' id='word_1_265' title='bbox 439 1856 625 1903; x_wconf 87' lang='lat' dir='ltr'>Divina.</span> <span class='ocrx_word' id='word_1_266' title='bbox 1724 1891 1726 1893; x_wconf 66' lang='grc'><em>»</em></span> <span class='ocrx_word' id='word_1_267' title='bbox 2343 1874 2346 1876; x_wconf 69' lang='grc'><strong>’</strong></span> 
     </span>
    </p>

    <p class='ocr_par' dir='ltr' id='par_1_5' title="bbox 438 1918 2468 3169">
     <span class='ocr_line' id='line_1_25' title="bbox 515 1918 2437 1988; baseline 0.002 -20"><span class='ocrx_word' id='word_1_268' title='bbox 515 1936 704 1987; x_wconf 84' lang='lat'>10,179.</span> <span class='ocrx_word' id='word_1_269' title='bbox 743 1920 939 1970; x_wconf 84' lang='lat' dir='ltr'>Cubitus</span> <span class='ocrx_word' id='word_1_270' title='bbox 975 1921 1221 1985; x_wconf 84' lang='lat' dir='ltr'>longitudo</span> <span class='ocrx_word' id='word_1_271' title='bbox 1255 1920 1368 1986; x_wconf 86' lang='lat' dir='ltr'>ejus,</span> <span class='ocrx_word' id='word_1_272' title='bbox 1411 1922 1461 1970; x_wconf 74' lang='grc' dir='ltr'>δε</span> <span class='ocrx_word' id='word_1_273' title='bbox 1485 1921 1665 1988; x_wconf 86' lang='lat' dir='ltr'>cubitus</span> <span class='ocrx_word' id='word_1_274' title='bbox 1685 1919 1877 1968; x_wconf 85' lang='lat' dir='ltr'>latitudo</span> <span class='ocrx_word' id='word_1_275' title='bbox 1905 1918 2015 1983; x_wconf 67' lang='lat' dir='ltr'>ejus»,</span> <span class='ocrx_word' id='word_1_276' title='bbox 2052 1921 2177 1986; x_wconf 89' lang='lat' dir='ltr'>quod</span> <span class='ocrx_word' id='word_1_277' title='bbox 2214 1922 2437 1987; x_wconf 73' lang='lat' dir='ltr'>significet</span> 
     </span>
     <span class='ocr_line' id='line_1_26' title="bbox 439 1985 2438 2054; baseline 0.004 -22"><span class='ocrx_word' id='word_1_278' title='bbox 439 2002 627 2050; x_wconf 85' lang='lat' dir='ltr'>aequum</span> <span class='ocrx_word' id='word_1_279' title='bbox 661 2004 717 2035; x_wconf 86' lang='lat' dir='ltr'>ex</span> <span class='ocrx_word' id='word_1_280' title='bbox 752 1988 873 2036; x_wconf 91' lang='lat' dir='ltr'>bono</span> <span class='ocrx_word' id='word_1_281' title='bbox 903 1990 951 2036; x_wconf 76' lang='grc' dir='ltr'>ὅτ</span> <span class='ocrx_word' id='word_1_282' title='bbox 987 2004 1044 2035; x_wconf 84' lang='lat' dir='ltr'>ex</span> <span class='ocrx_word' id='word_1_283' title='bbox 1065 2004 1190 2045; x_wconf 88' lang='lat' dir='ltr'>vero,</span> <span class='ocrx_word' id='word_1_284' title='bbox 1242 1988 1413 2036; x_wconf 90' lang='lat' dir='ltr'>constat</span> <span class='ocrx_word' id='word_1_285' title='bbox 1445 2005 1503 2035; x_wconf 88' lang='lat' dir='ltr'>ex</span> <span class='ocrx_word' id='word_1_286' title='bbox 1536 1985 1857 2051; x_wconf 74' lang='lat' dir='ltr'>significatione</span> <span class='ocrx_word' id='word_1_287' title='bbox 1888 1986 2204 2050; x_wconf 73' lang='lat' dir='ltr'>longitudinis,</span> <span class='ocrx_word' id='word_1_288' title='bbox 2234 1990 2359 2054; x_wconf 83' lang='lat' dir='ltr'>quod</span> <span class='ocrx_word' id='word_1_289' title='bbox 2383 1990 2438 2052; x_wconf 85' lang='lat' dir='ltr'>fit</span> 
     </span>
     <span class='ocr_line' id='line_1_27' title="bbox 442 2052 2444 2120; baseline 0.002 -21"><span class='ocrx_word' id='word_1_290' title='bbox 442 2052 647 2109; x_wconf 86' lang='lat' dir='ltr'>bonurn;</span> <span class='ocrx_word' id='word_1_291' title='bbox 682 2055 732 2101; x_wconf 76' lang='grc' dir='ltr'>δε</span> <span class='ocrx_word' id='word_1_292' title='bbox 756 2054 1021 2111; x_wconf 86' lang='lat' dir='ltr'>latitudinis,</span> <span class='ocrx_word' id='word_1_293' title='bbox 1057 2055 1182 2117; x_wconf 91' lang='lat' dir='ltr'>quod</span> <span class='ocrx_word' id='word_1_294' title='bbox 1207 2053 1262 2101; x_wconf 90' lang='lat' dir='ltr'>s1t</span> <span class='ocrx_word' id='word_1_295' title='bbox 1280 2070 1457 2111; x_wconf 88' lang='lat' dir='ltr'>verum,</span> <span class='ocrx_word' id='word_1_296' title='bbox 1496 2052 1554 2102; x_wconf 89' lang='lat' dir='ltr'>de</span> <span class='ocrx_word' id='word_1_297' title='bbox 1575 2069 1666 2118; x_wconf 88' lang='lat' dir='ltr'>qua</span> <span class='ocrx_word' id='word_1_298' title='bbox 1689 2068 1746 2101; x_wconf 88' lang='lat' dir='ltr'>n:</span> <span class='ocrx_word' id='word_1_299' title='bbox 1772 2052 1909 2118; x_wconf 79' lang='lat'><strong><em>1513.</em></strong></span> <span class='ocrx_word' id='word_1_300' title='bbox 1978 2060 2038 2118; x_wconf 72' lang='lat'>4’3</span> <span class='ocrx_word' id='word_1_301' title='bbox 2047 2072 2090 2117; x_wconf 86' lang='lat'>3.</span> <span class='ocrx_word' id='word_1_302' title='bbox 2119 2069 2262 2118; x_wconf 77' lang='lat'>3434.</span> <span class='ocrx_word' id='word_1_303' title='bbox 2287 2059 2444 2120; x_wconf 44' lang='lat'>4482,</span> 
     </span>
     <span class='ocr_line' id='line_1_28' title="bbox 438 2117 2436 2184; baseline 0.002 -18"><span class='ocrx_word' id='word_1_304' title='bbox 438 2124 571 2183; x_wconf 55' lang='lat'>»9487</span> <span class='ocrx_word' id='word_1_305' title='bbox 592 2137 603 2167; x_wconf 71' lang='grc' dir='ltr'>ε</span> <span class='ocrx_word' id='word_1_306' title='bbox 640 2135 828 2183; x_wconf 85' lang='lat' dir='ltr'>aequum</span> <span class='ocrx_word' id='word_1_307' title='bbox 851 2136 909 2168; x_wconf 83' lang='lat' dir='ltr'>ex</span> <span class='ocrx_word' id='word_1_308' title='bbox 930 2133 1123 2184; x_wconf 87' lang='lat' dir='ltr'>utroque</span> <span class='ocrx_word' id='word_1_309' title='bbox 1147 2120 1426 2184; x_wconf 71' lang='lat' dir='ltr'>significatur</span> <span class='ocrx_word' id='word_1_310' title='bbox 1461 2136 1541 2184; x_wconf 89' lang='lat' dir='ltr'>per</span> <span class='ocrx_word' id='word_1_311' title='bbox 1555 2118 1690 2184; x_wconf 84' lang='lat' dir='ltr'>¹quod</span> <span class='ocrx_word' id='word_1_312' title='bbox 1720 2119 1899 2166; x_wconf 88' lang='lat' dir='ltr'>cubitus</span> <span class='ocrx_word' id='word_1_313' title='bbox 1935 2118 2011 2166; x_wconf 87' lang='lat' dir='ltr'>ila</span> <span class='ocrx_word' id='word_1_314' title='bbox 2042 2117 2093 2167; x_wconf 70' lang='grc' dir='ltr'>δὲ</span> <span class='ocrx_word' id='word_1_315' title='bbox 2116 2121 2295 2169; x_wconf 88' lang='lat' dir='ltr'>cubitus</span> <span class='ocrx_word' id='word_1_316' title='bbox 2318 2122 2436 2181; x_wconf 84' lang='lat' dir='ltr'><strong>haec‚</strong></span> 
     </span>
     <span class='ocr_line' id='line_1_29' title="bbox 441 2183 2438 2250; baseline 0.004 -20"><span class='ocrx_word' id='word_1_317' title='bbox 441 2186 501 2231; x_wconf 85' lang='lat' dir='ltr'>ita</span> <span class='ocrx_word' id='word_1_318' title='bbox 525 2201 606 2248; x_wconf 91' lang='lat' dir='ltr'>per</span> <span class='ocrx_word' id='word_1_319' title='bbox 639 2187 764 2249; x_wconf 92' lang='lat' dir='ltr'>quod</span> <span class='ocrx_word' id='word_1_320' title='bbox 800 2187 984 2250; x_wconf 86' lang='lat' dir='ltr'>aequalis</span> <span class='ocrx_word' id='word_1_321' title='bbox 1022 2185 1240 2244; x_wconf 90' lang='lat' dir='ltr'>mensura,</span> <span class='ocrx_word' id='word_1_322' title='bbox 1281 2189 1389 2250; x_wconf 87' lang='lat' dir='ltr'>quia</span> <span class='ocrx_word' id='word_1_323' title='bbox 1421 2203 1504 2250; x_wconf 88' lang='lat' dir='ltr'>per</span> <span class='ocrx_word' id='word_1_324' title='bbox 1526 2183 1749 2234; x_wconf 82' lang='lat' dir='ltr'>mensuras</span> <span class='ocrx_word' id='word_1_325' title='bbox 1772 2186 1818 2232; x_wconf 89' lang='lat' dir='ltr'>in</span> <span class='ocrx_word' id='word_1_326' title='bbox 1841 2185 1997 2233; x_wconf 91' lang='lat' dir='ltr'>Verbo</span> <span class='ocrx_word' id='word_1_327' title='bbox 2019 2187 2340 2237; x_wconf 83' lang='lat' dir='ltr'>determinatur</span> <span class='ocrx_word' id='word_1_328' title='bbox 2371 2204 2438 2237; x_wconf 87' lang='lat' dir='ltr'>res</span> 
     </span>
     <span class='ocr_line' id='line_1_30' title="bbox 443 2251 2437 2316; baseline 0.002 -19"><span class='ocrx_word' id='word_1_329' title='bbox 443 2252 592 2313; x_wconf 89' lang='lat' dir='ltr'>quoad</span> <span class='ocrx_word' id='word_1_330' title='bbox 616 2251 748 2298; x_wconf 89' lang='lat' dir='ltr'>suum</span> <span class='ocrx_word' id='word_1_331' title='bbox 773 2265 993 2315; x_wconf 90' lang='lat' dir='ltr'>quantum</span> <span class='ocrx_word' id='word_1_332' title='bbox 1028 2253 1079 2298; x_wconf 76' lang='grc' dir='ltr'>ὅτ</span> <span class='ocrx_word' id='word_1_333' title='bbox 1100 2253 1246 2315; x_wconf 88' lang='lat' dir='ltr'>quale,</span> <span class='ocrx_word' id='word_1_334' title='bbox 1271 2254 1321 2300; x_wconf 86' lang='lat'>&amp;</span> <span class='ocrx_word' id='word_1_335' title='bbox 1344 2252 1655 2299; x_wconf 87' lang='lat' dir='ltr'>determinatio</span> <span class='ocrx_word' id='word_1_336' title='bbox 1678 2251 1733 2297; x_wconf 88' lang='lat' dir='ltr'>fit</span> <span class='ocrx_word' id='word_1_337' title='bbox 1754 2267 1835 2314; x_wconf 89' lang='lat' dir='ltr'>per</span> <span class='ocrx_word' id='word_1_338' title='bbox 1858 2266 2101 2307; x_wconf 85' lang='lat' dir='ltr'>numeros;</span> <span class='ocrx_word' id='word_1_339' title='bbox 2148 2267 2215 2300; x_wconf 88' lang='lat' dir='ltr'>res</span> <span class='ocrx_word' id='word_1_340' title='bbox 2236 2267 2341 2316; x_wconf 87' lang='lat' dir='ltr'>quae</span> <span class='ocrx_word' id='word_1_341' title='bbox 2364 2254 2437 2302; x_wconf 87' lang='lat' dir='ltr'>hic</span> 
     </span>
     <span class='ocr_line' id='line_1_31' title="bbox 443 2315 2439 2380; baseline 0.002 -17"><span class='ocrx_word' id='word_1_342' title='bbox 443 2332 526 2379; x_wconf 86' lang='lat' dir='ltr'>per</span> <span class='ocrx_word' id='word_1_343' title='bbox 559 2316 827 2373; x_wconf 88' lang='lat' dir='ltr'>mensuram,</span> <span class='ocrx_word' id='word_1_344' title='bbox 863 2333 969 2380; x_wconf 87' lang='lat' dir='ltr'>quae</span> <span class='ocrx_word' id='word_1_345' title='bbox 1001 2315 1064 2363; x_wconf 88' lang='lat' dir='ltr'>est</span> <span class='ocrx_word' id='word_1_346' title='bbox 1101 2317 1298 2372; x_wconf 87' lang='lat' dir='ltr'>cubitus,</span> <span class='ocrx_word' id='word_1_347' title='bbox 1335 2317 1672 2372; x_wconf 83' lang='lat' dir='ltr'>determinatur,</span> <span class='ocrx_word' id='word_1_348' title='bbox 1707 2317 1771 2362; x_wconf 91' lang='lat' dir='ltr'>est</span> <span class='ocrx_word' id='word_1_349' title='bbox 1810 2316 1982 2362; x_wconf 90' lang='lat' dir='ltr'>bonum</span> <span class='ocrx_word' id='word_1_350' title='bbox 2020 2316 2070 2363; x_wconf 87' lang='lat'>&amp;</span> <span class='ocrx_word' id='word_1_351' title='bbox 2100 2331 2283 2374; x_wconf 86' lang='lat' dir='ltr'>verum,</span> <span class='ocrx_word' id='word_1_352' title='bbox 2322 2317 2439 2366; x_wconf 88' lang='lat' dir='ltr'>illud</span> 
     </span>
     <span class='ocr_line' id='line_1_32' title="bbox 441 2381 2439 2447; baseline 0.002 -19"><span class='ocrx_word' id='word_1_353' title='bbox 441 2397 524 2445; x_wconf 87' lang='lat' dir='ltr'>per</span> <span class='ocrx_word' id='word_1_354' title='bbox 546 2382 900 2446; x_wconf 84' lang='lat' dir='ltr'>longitudinem,</span> <span class='ocrx_word' id='word_1_355' title='bbox 942 2385 990 2431; x_wconf 75' lang='grc' dir='ltr'>ὅτ</span> <span class='ocrx_word' id='word_1_356' title='bbox 1015 2382 1100 2430; x_wconf 88' lang='lat' dir='ltr'>hoc</span> <span class='ocrx_word' id='word_1_357' title='bbox 1123 2398 1203 2447; x_wconf 90' lang='lat' dir='ltr'>per</span> <span class='ocrx_word' id='word_1_358' title='bbox 1235 2383 1517 2430; x_wconf 86' lang='lat' dir='ltr'>latitudinem</span> <span class='ocrx_word' id='word_1_359' title='bbox 1537 2401 1549 2430; x_wconf 92' lang='lat'><strong>:</strong></span> <span class='ocrx_word' id='word_1_360' title='bbox 1595 2381 1722 2446; x_wconf 89' lang='lat' dir='ltr'>quod</span> <span class='ocrx_word' id='word_1_361' title='bbox 1745 2381 2096 2444; x_wconf 85' lang='lat' dir='ltr'>Longitudofit</span> <span class='ocrx_word' id='word_1_362' title='bbox 2117 2381 2308 2439; x_wconf 87' lang='lat' dir='ltr'>bonum,</span> <span class='ocrx_word' id='word_1_363' title='bbox 2331 2387 2439 2447; x_wconf 84' lang='lat' dir='ltr'>quia</span> 
     </span>
     <span class='ocr_line' id='line_1_33' title="bbox 444 2446 2438 2513; baseline 0.002 -19"><span class='ocrx_word' id='word_1_364' title='bbox 444 2447 518 2494; x_wconf 87' lang='lat' dir='ltr'>illa</span> <span class='ocrx_word' id='word_1_365' title='bbox 552 2448 753 2495; x_wconf 88' lang='lat' dir='ltr'>censetur</span> <span class='ocrx_word' id='word_1_366' title='bbox 786 2448 842 2496; x_wconf 88' lang='lat' dir='ltr'>ab</span> <span class='ocrx_word' id='word_1_367' title='bbox 870 2450 1038 2496; x_wconf 87' lang='lat' dir='ltr'>oriente</span> <span class='ocrx_word' id='word_1_368' title='bbox 1075 2449 1131 2496; x_wconf 85' lang='lat' dir='ltr'>ad</span> <span class='ocrx_word' id='word_1_369' title='bbox 1165 2449 1466 2506; x_wconf 87' lang='lat' dir='ltr'>occidentem,</span> <span class='ocrx_word' id='word_1_370' title='bbox 1502 2449 1553 2495; x_wconf 76' lang='lat' dir='ltr'>&amp;t</span> <span class='ocrx_word' id='word_1_371' title='bbox 1583 2458 1664 2511; x_wconf 87' lang='lat' dir='ltr'>per</span> <span class='ocrx_word' id='word_1_372' title='bbox 1693 2446 1912 2499; x_wconf 84' lang='lat' dir='ltr'>orientem</span> <span class='ocrx_word' id='word_1_373' title='bbox 1953 2448 2000 2495; x_wconf 72' lang='grc' dir='ltr'>δι</span> <span class='ocrx_word' id='word_1_374' title='bbox 2033 2449 2316 2513; x_wconf 80' lang='lat' dir='ltr'>occidentem</span> <span class='ocrx_word' id='word_1_375' title='bbox 2349 2450 2438 2513; x_wconf 85' lang='lat' dir='ltr'>fig-</span> 
     </span>
     <span class='ocr_line' id='line_1_34' title="bbox 444 2512 2436 2580; baseline 0.002 -21"><span class='ocrx_word' id='word_1_376' title='bbox 444 2515 649 2561; x_wconf 80' lang='lat' dir='ltr'>nificatur</span> <span class='ocrx_word' id='word_1_377' title='bbox 682 2515 853 2562; x_wconf 85' lang='lat' dir='ltr'>bonum</span> <span class='ocrx_word' id='word_1_378' title='bbox 881 2515 940 2562; x_wconf 76' lang='lat' dir='ltr'>‘ab</span> <span class='ocrx_word' id='word_1_379' title='bbox 964 2530 1056 2561; x_wconf 90' lang='lat' dir='ltr'>uno</span> <span class='ocrx_word' id='word_1_380' title='bbox 1078 2512 1274 2562; x_wconf 88' lang='lat' dir='ltr'>termino</span> <span class='ocrx_word' id='word_1_381' title='bbox 1296 2515 1349 2562; x_wconf 85' lang='lat' dir='ltr'>ad</span> <span class='ocrx_word' id='word_1_382' title='bbox 1376 2514 1564 2561; x_wconf 87' lang='lat' dir='ltr'>alterum</span> <span class='ocrx_word' id='word_1_383' title='bbox 1586 2535 1601 2569; x_wconf 78' lang='lat'>3</span> <span class='ocrx_word' id='word_1_384' title='bbox 1643 2519 1692 2560; x_wconf 84' lang='lat' dir='ltr'>ac</span> <span class='ocrx_word' id='word_1_385' title='bbox 1715 2512 1938 2560; x_wconf 84' lang='lat' dir='ltr'>Latitudo</span> <span class='ocrx_word' id='word_1_386' title='bbox 1975 2528 1999 2560; x_wconf 87' lang='lat' dir='ltr'>a</span> <span class='ocrx_word' id='word_1_387' title='bbox 2034 2513 2221 2561; x_wconf 86' lang='lat' dir='ltr'>meridie</span> <span class='ocrx_word' id='word_1_388' title='bbox 2259 2515 2315 2562; x_wconf 88' lang='lat' dir='ltr'>ad</span> <span class='ocrx_word' id='word_1_389' title='bbox 2339 2514 2436 2580; x_wconf 82' lang='lat' dir='ltr'>sep·</span> 
     </span>
     <span class='ocr_line' id='line_1_35' title="bbox 444 2577 2436 2644; baseline 0.002 -19"><span class='ocrx_word' id='word_1_390' title='bbox 444 2581 732 2636; x_wconf 65' lang='lat' dir='ltr'>&gt;tentrionem,</span> <span class='ocrx_word' id='word_1_391' title='bbox 777 2581 827 2628; x_wconf 84' lang='lat'>&amp;</span> <span class='ocrx_word' id='word_1_392' title='bbox 863 2597 943 2644; x_wconf 89' lang='lat' dir='ltr'>per</span> <span class='ocrx_word' id='word_1_393' title='bbox 983 2581 1216 2628; x_wconf 87' lang='lat' dir='ltr'>meridiem</span> <span class='ocrx_word' id='word_1_394' title='bbox 1257 2582 1307 2629; x_wconf 78' lang='grc' dir='ltr'>ὅτ</span> <span class='ocrx_word' id='word_1_395' title='bbox 1345 2577 1689 2643; x_wconf 82' lang='lat' dir='ltr'>septentrionem</span> <span class='ocrx_word' id='word_1_396' title='bbox 1735 2578 2013 2643; x_wconf 75' lang='lat' dir='ltr'>significatur</span> <span class='ocrx_word' id='word_1_397' title='bbox 2043 2594 2212 2627; x_wconf 79' lang='lat' dir='ltr'>verum</span> <span class='ocrx_word' id='word_1_398' title='bbox 2245 2581 2302 2628; x_wconf 91' lang='lat' dir='ltr'>ab</span> <span class='ocrx_word' id='word_1_399' title='bbox 2343 2597 2436 2629; x_wconf 92' lang='lat' dir='ltr'>uno</span> 
     </span>
     <span class='ocr_line' id='line_1_36' title="bbox 443 2643 2437 2706; baseline 0.002 -16"><span class='ocrx_word' id='word_1_400' title='bbox 443 2646 640 2693; x_wconf 85' lang='lat' dir='ltr'>termino</span> <span class='ocrx_word' id='word_1_401' title='bbox 672 2646 728 2692; x_wconf 92' lang='lat' dir='ltr'>ad</span> <span class='ocrx_word' id='word_1_402' title='bbox 763 2646 989 2701; x_wconf 77' lang='lat' dir='ltr'>alterum3</span> <span class='ocrx_word' id='word_1_403' title='bbox 1037 2648 1100 2693; x_wconf 86' lang='lat' dir='ltr'>ita</span> <span class='ocrx_word' id='word_1_404' title='bbox 1131 2648 1253 2693; x_wconf 90' lang='lat' dir='ltr'>enim</span> <span class='ocrx_word' id='word_1_405' title='bbox 1283 2645 1325 2693; x_wconf 89' lang='lat' dir='ltr'>se</span> <span class='ocrx_word' id='word_1_406' title='bbox 1361 2643 1491 2693; x_wconf 89' lang='lat' dir='ltr'>hab&#39;et</span> <span class='ocrx_word' id='word_1_407' title='bbox 1528 2647 1575 2693; x_wconf 90' lang='lat' dir='ltr'>in</span> <span class='ocrx_word' id='word_1_408' title='bbox 1611 2644 1749 2700; x_wconf 89' lang='lat' dir='ltr'>coelo,</span> <span class='ocrx_word' id='word_1_409' title='bbox 1784 2645 1862 2691; x_wconf 91' lang='lat' dir='ltr'>ubi</span> <span class='ocrx_word' id='word_1_410' title='bbox 1886 2645 2115 2704; x_wconf 90' lang='lat' dir='ltr'>Dominus</span> <span class='ocrx_word' id='word_1_411' title='bbox 2151 2645 2216 2693; x_wconf 89' lang='lat' dir='ltr'>est</span> <span class='ocrx_word' id='word_1_412' title='bbox 2250 2646 2344 2704; x_wconf 89' lang='lat' dir='ltr'>Sol,</span> <span class='ocrx_word' id='word_1_413' title='bbox 2379 2646 2437 2706; x_wconf 61' lang='grc' dir='ltr'>ὃς</span> 
     </span>
     <span class='ocr_line' id='line_1_37' title="bbox 439 2709 2450 2776; baseline 0.002 -20"><span class='ocrx_word' id='word_1_414' title='bbox 439 2726 630 2774; x_wconf 69' lang='lat' dir='ltr'>quoque</span> <span class='ocrx_word' id='word_1_415' title='bbox 652 2710 829 2767; x_wconf 86' lang='lat' dir='ltr'>Oriens,</span> <span class='ocrx_word' id='word_1_416' title='bbox 867 2727 892 2756; x_wconf 88' lang='lat' dir='ltr'>a</span> <span class='ocrx_word' id='word_1_417' title='bbox 927 2726 1022 2773; x_wconf 90' lang='lat' dir='ltr'>quo</span> <span class='ocrx_word' id='word_1_418' title='bbox 1044 2725 1201 2758; x_wconf 85' lang='lat' dir='ltr'>omnes</span> <span class='ocrx_word' id='word_1_419' title='bbox 1236 2710 1626 2758; x_wconf 88' lang='lat' dir='ltr'>determinationes</span> <span class='ocrx_word' id='word_1_420' title='bbox 1661 2709 1758 2765; x_wconf 88' lang='lat' dir='ltr'>ibi;</span> <span class='ocrx_word' id='word_1_421' title='bbox 1804 2712 1884 2774; x_wconf 90' lang='lat' dir='ltr'>qui</span> <span class='ocrx_word' id='word_1_422' title='bbox 1920 2725 1946 2756; x_wconf 83' lang='lat' dir='ltr'>a</span> <span class='ocrx_word' id='word_1_423' title='bbox 1982 2709 2093 2758; x_wconf 87' lang='lat' dir='ltr'>facie</span> <span class='ocrx_word' id='word_1_424' title='bbox 2130 2711 2192 2758; x_wconf 88' lang='lat' dir='ltr'>ibi</span> <span class='ocrx_word' id='word_1_425' title='bbox 2231 2712 2347 2775; x_wconf 84' lang='lat' dir='ltr'>sunt,</span> <span class='ocrx_word' id='word_1_426' title='bbox 2388 2714 2450 2776; x_wconf 72' lang='lat' dir='ltr'>in=</span> 
     </span>
     <span class='ocr_line' id='line_1_38' title="bbox 446 2775 2447 2840; baseline 0.002 -18"><span class='ocrx_word' id='word_1_427' title='bbox 446 2777 739 2840; x_wconf 67' lang='lat' dir='ltr'>perceptione,</span> <span class='ocrx_word' id='word_1_428' title='bbox 774 2776 882 2823; x_wconf 86' lang='lat' dir='ltr'>boni</span> <span class='ocrx_word' id='word_1_429' title='bbox 919 2777 1020 2822; x_wconf 88' lang='lat' dir='ltr'>sunt</span> <span class='ocrx_word' id='word_1_430' title='bbox 1058 2775 1305 2822; x_wconf 87' lang='lat' dir='ltr'>secundum</span> <span class='ocrx_word' id='word_1_431' title='bbox 1342 2776 1611 2834; x_wconf 81' lang='lat' dir='ltr'>distantiam,</span> <span class='ocrx_word' id='word_1_432' title='bbox 1647 2779 1728 2840; x_wconf 85' lang='lat' dir='ltr'>qui</span> <span class='ocrx_word' id='word_1_433' title='bbox 1766 2778 1813 2823; x_wconf 90' lang='lat' dir='ltr'>in</span> <span class='ocrx_word' id='word_1_434' title='bbox 1852 2777 2141 2840; x_wconf 88' lang='lat' dir='ltr'>perceptione</span> <span class='ocrx_word' id='word_1_435' title='bbox 2179 2778 2286 2825; x_wconf 90' lang='lat' dir='ltr'>boni</span> <span class='ocrx_word' id='word_1_436' title='bbox 2319 2779 2447 2826; x_wconf 10' lang='lat' dir='ltr'>clarat</span> 
     </span>
     <span class='ocr_line' id='line_1_39' title="bbox 450 2840 2435 2906; baseline 0.002 -18"><span class='ocrx_word' id='word_1_437' title='bbox 450 2842 566 2898; x_wconf 82' lang='lat' dir='ltr'>sunt,</span> <span class='ocrx_word' id='word_1_438' title='bbox 603 2843 649 2888; x_wconf 91' lang='lat' dir='ltr'>in</span> <span class='ocrx_word' id='word_1_439' title='bbox 673 2842 841 2889; x_wconf 87' lang='lat' dir='ltr'>oriente</span> <span class='ocrx_word' id='word_1_440' title='bbox 876 2840 993 2898; x_wconf 90' lang='lat' dir='ltr'>sunt,</span> <span class='ocrx_word' id='word_1_441' title='bbox 1035 2857 1064 2888; x_wconf 92' lang='lat' dir='ltr'>n</span> <span class='ocrx_word' id='word_1_442' title='bbox 1085 2859 1096 2888; x_wconf 75' lang='lat' dir='ltr'>z</span> <span class='ocrx_word' id='word_1_443' title='bbox 1118 2845 1260 2905; x_wconf 88' lang='lat'>3708.</span> <span class='ocrx_word' id='word_1_444' title='bbox 1288 2842 1450 2905; x_wconf 85' lang='lat'>9668;</span> <span class='ocrx_word' id='word_1_445' title='bbox 1491 2843 1570 2906; x_wconf 88' lang='lat' dir='ltr'>qui</span> <span class='ocrx_word' id='word_1_446' title='bbox 1609 2844 1656 2888; x_wconf 90' lang='lat' dir='ltr'>in</span> <span class='ocrx_word' id='word_1_447' title='bbox 1693 2843 1979 2905; x_wconf 87' lang='lat' dir='ltr'>perceptione</span> <span class='ocrx_word' id='word_1_448' title='bbox 2016 2841 2120 2889; x_wconf 85' lang='lat' dir='ltr'>boni</span> <span class='ocrx_word' id='word_1_449' title='bbox 2152 2843 2352 2906; x_wconf 77' lang='lat' dir='ltr'>obscura,</span> <span class='ocrx_word' id='word_1_450' title='bbox 2388 2844 2435 2892; x_wconf 84' lang='lat' dir='ltr'>in</span> 
     </span>
     <span class='ocr_line' id='line_1_40' title="bbox 449 2902 2468 2972; baseline 0.002 -18"><span class='ocrx_word' id='word_1_451' title='bbox 449 2908 680 2955; x_wconf 88' lang='lat' dir='ltr'>occidente</span> <span class='ocrx_word' id='word_1_452' title='bbox 704 2907 821 2964; x_wconf 87' lang='lat' dir='ltr'>sunt,</span> <span class='ocrx_word' id='word_1_453' title='bbox 857 2924 917 2969; x_wconf 20' lang='lat' dir='ltr'>nug</span> <span class='ocrx_word' id='word_1_454' title='bbox 940 2911 1078 2972; x_wconf 84' lang='lat'><strong>3708.</strong></span> <span class='ocrx_word' id='word_1_455' title='bbox 1106 2908 1232 2971; x_wconf 87' lang='lat'>9653</span> <span class='ocrx_word' id='word_1_456' title='bbox 1255 2911 1384 2970; x_wconf 85' lang='lat' dir='ltr'>;.qui</span> <span class='ocrx_word' id='word_1_457' title='bbox 1409 2921 1558 2955; x_wconf 89' lang='lat' dir='ltr'>autem</span> <span class='ocrx_word' id='word_1_458' title='bbox 1582 2908 1628 2955; x_wconf 89' lang='lat' dir='ltr'>in</span> <span class='ocrx_word' id='word_1_459' title='bbox 1652 2907 1750 2955; x_wconf 89' lang='lat' dir='ltr'>luce</span> <span class='ocrx_word' id='word_1_460' title='bbox 1772 2909 1865 2955; x_wconf 88' lang='lat' dir='ltr'>veri</span> <span class='ocrx_word' id='word_1_461' title='bbox 1892 2907 2005 2970; x_wconf 73' lang='lat' dir='ltr'>clara</span> <span class='ocrx_word' id='word_1_462' title='bbox 2027 2907 2144 2966; x_wconf 87' lang='lat' dir='ltr'>sunt,</span> <span class='ocrx_word' id='word_1_463' title='bbox 2182 2910 2226 2956; x_wconf 88' lang='lat' dir='ltr'>in</span> <span class='ocrx_word' id='word_1_464' title='bbox 2244 2902 2436 2957; x_wconf 67' lang='lat' dir='ltr'>&#39;meridie</span> <span class='ocrx_word' id='word_1_465' title='bbox 2465 2955 2468 2958; x_wconf 90' lang='lat'>.</span> 
     </span>
     <span class='ocr_line' id='line_1_41' title="bbox 448 2973 2433 3038; baseline 0.001 -19"><span class='ocrx_word' id='word_1_466' title='bbox 448 2974 566 3030; x_wconf 81' lang='lat' dir='ltr'>sunt,</span> <span class='ocrx_word' id='word_1_467' title='bbox 604 2977 849 3038; x_wconf 75' lang='lat' dir='ltr'>nt96423</span> <span class='ocrx_word' id='word_1_468' title='bbox 884 2976 982 3037; x_wconf 58' lang='lat' dir='ltr'>‘qui</span> <span class='ocrx_word' id='word_1_469' title='bbox 1020 2984 1170 3038; x_wconf 85' lang='lat' dir='ltr'>autem</span> <span class='ocrx_word' id='word_1_470' title='bbox 1207 2976 1252 3019; x_wconf 90' lang='lat' dir='ltr'>in</span> <span class='ocrx_word' id='word_1_471' title='bbox 1290 2974 1390 3020; x_wconf 89' lang='lat' dir='ltr'>luce</span> <span class='ocrx_word' id='word_1_472' title='bbox 1412 2975 1508 3021; x_wconf 88' lang='lat' dir='ltr'>veri</span> <span class='ocrx_word' id='word_1_473' title='bbox 1532 2973 1716 3021; x_wconf 86' lang='lat' dir='ltr'>obscura</span> <span class='ocrx_word' id='word_1_474' title='bbox 1753 2973 1868 3029; x_wconf 88' lang='lat' dir='ltr'>sunt,</span> <span class='ocrx_word' id='word_1_475' title='bbox 1904 2975 1950 3020; x_wconf 90' lang='lat' dir='ltr'>in</span> <span class='ocrx_word' id='word_1_476' title='bbox 1987 2974 2282 3038; x_wconf 73' lang='lat' dir='ltr'>septentrione</span> <span class='ocrx_word' id='word_1_477' title='bbox 2314 2974 2433 3030; x_wconf 83' lang='lat' dir='ltr'>sunt,</span> 
     </span>
     <span class='ocr_line' id='line_1_42' title="bbox 448 3034 2435 3104; baseline 0.001 -19"><span class='ocrx_word' id='word_1_478' title='bbox 448 3057 506 3086; x_wconf 88' lang='lat' dir='ltr'>n:</span> <span class='ocrx_word' id='word_1_479' title='bbox 525 3043 648 3102; x_wconf 83' lang='lat'>3708</span> <span class='ocrx_word' id='word_1_480' title='bbox 674 3057 684 3085; x_wconf 90' lang='lat'><strong>:</strong></span> <span class='ocrx_word' id='word_1_481' title='bbox 731 3039 836 3086; x_wconf 89' lang='lat' dir='ltr'>inde</span> <span class='ocrx_word' id='word_1_482' title='bbox 858 3038 936 3096; x_wconf 92' lang='lat' dir='ltr'>est,</span> <span class='ocrx_word' id='word_1_483' title='bbox 961 3038 1086 3103; x_wconf 88' lang='lat' dir='ltr'>quod</span> <span class='ocrx_word' id='word_1_484' title='bbox 1109 3049 1189 3101; x_wconf 84' lang='lat' dir='ltr'>per</span> <span class='ocrx_word' id='word_1_485' title='bbox 1210 3051 1403 3101; x_wconf 90' lang='lat' dir='ltr'>quatuor</span> <span class='ocrx_word' id='word_1_486' title='bbox 1426 3040 1516 3088; x_wconf 89' lang='lat' dir='ltr'>illas</span> <span class='ocrx_word' id='word_1_487' title='bbox 1538 3041 1694 3104; x_wconf 86' lang='lat' dir='ltr'>plagas</span> <span class='ocrx_word' id='word_1_488' title='bbox 1717 3041 1763 3087; x_wconf 89' lang='lat' dir='ltr'>in</span> <span class='ocrx_word' id='word_1_489' title='bbox 1789 3036 1942 3088; x_wconf 90' lang='lat' dir='ltr'>Verbo</span> <span class='ocrx_word' id='word_1_490' title='bbox 1962 3040 2064 3088; x_wconf 85' lang='lat' dir='ltr'>talia</span> <span class='ocrx_word' id='word_1_491' title='bbox 2092 3034 2435 3103; x_wconf 74' lang='lat' dir='ltr'>significentur3</span> 
     </span>
     <span class='ocr_line' id='line_1_43' title="bbox 447 3104 2080 3169; baseline 0 -16"><span class='ocrx_word' id='word_1_492' title='bbox 447 3107 497 3152; x_wconf 86' lang='lat'>&amp;</span> <span class='ocrx_word' id='word_1_493' title='bbox 520 3105 645 3169; x_wconf 91' lang='lat' dir='ltr'>quod</span> <span class='ocrx_word' id='word_1_494' title='bbox 665 3120 747 3169; x_wconf 87' lang='lat' dir='ltr'>per</span> <span class='ocrx_word' id='word_1_495' title='bbox 767 3105 1103 3167; x_wconf 76' lang='lat' dir='ltr'>longitudinem</span> <span class='ocrx_word' id='word_1_496' title='bbox 1129 3104 1318 3161; x_wconf 88' lang='lat' dir='ltr'>bonurn,</span> <span class='ocrx_word' id='word_1_497' title='bbox 1340 3106 1390 3153; x_wconf 73' lang='grc' dir='ltr'>δε</span> <span class='ocrx_word' id='word_1_498' title='bbox 1413 3122 1492 3169; x_wconf 91' lang='lat' dir='ltr'>per</span> <span class='ocrx_word' id='word_1_499' title='bbox 1515 3106 1801 3154; x_wconf 88' lang='lat' dir='ltr'>latitudinem</span> <span class='ocrx_word' id='word_1_500' title='bbox 1825 3120 2002 3153; x_wconf 86' lang='lat' dir='ltr'>verum.</span> <span class='ocrx_word' id='word_1_501' title='bbox 2076 3104 2080 3107; x_wconf 79' lang='grc'><strong>’</strong></span> 
     </span>
    </p>

    <p class='ocr_par' dir='ltr' id='par_1_6' title="bbox 433 3168 2437 3353">
     <span class='ocr_line' id='line_1_44' title="bbox 521 3168 2437 3235; baseline 0 -16"><span class='ocrx_word' id='word_1_502' title='bbox 521 3187 623 3228; x_wconf 92' lang='lat'>10,1</span> <span class='ocrx_word' id='word_1_503' title='bbox 637 3175 721 3226; x_wconf 54' lang='lat'>80„</span> <span class='ocrx_word' id='word_1_504' title='bbox 737 3170 1028 3231; x_wconf 87' lang='lat' dir='ltr'>Quadratum</span> <span class='ocrx_word' id='word_1_505' title='bbox 1051 3171 1150 3227; x_wconf 89' lang='lat' dir='ltr'>erit,</span> <span class='ocrx_word' id='word_1_506' title='bbox 1174 3172 1298 3233; x_wconf 89' lang='lat' dir='ltr'>quod</span> <span class='ocrx_word' id='word_1_507' title='bbox 1322 3168 1543 3234; x_wconf 77' lang='lat' dir='ltr'>significet</span> <span class='ocrx_word' id='word_1_508' title='bbox 1563 3172 1620 3219; x_wconf 88' lang='lat' dir='ltr'>fic</span> <span class='ocrx_word' id='word_1_509' title='bbox 1639 3170 1907 3235; x_wconf 69' lang='lat' dir='ltr'>perfestum,</span> <span class='ocrx_word' id='word_1_510' title='bbox 1945 3169 2116 3218; x_wconf 85' lang='lat' dir='ltr'>constat</span> <span class='ocrx_word' id='word_1_511' title='bbox 2136 3183 2191 3217; x_wconf 82' lang='lat' dir='ltr'>ex</span> <span class='ocrx_word' id='word_1_512' title='bbox 2213 3169 2437 3235; x_wconf 85' lang='lat' dir='ltr'>fignifica-</span> 
     </span>
     <span class='ocr_line' id='line_1_45' title="bbox 433 3234 2408 3353; baseline 0 -70"><span class='ocrx_word' id='word_1_513' title='bbox 433 3236 560 3284; x_wconf 73' lang='lat' dir='ltr'>tione</span> <span class='ocrx_word' id='word_1_514' title='bbox 578 3236 796 3300; x_wconf 86' lang='lat' dir='ltr'>quadrati,</span> <span class='ocrx_word' id='word_1_515' title='bbox 816 3236 942 3300; x_wconf 85' lang='lat' dir='ltr'>quod</span> <span class='ocrx_word' id='word_1_516' title='bbox 960 3235 1014 3285; x_wconf 88' lang='lat' dir='ltr'>fit</span> <span class='ocrx_word' id='word_1_517' title='bbox 1028 3234 1220 3300; x_wconf 85' lang='lat' dir='ltr'>justum,</span> <span class='ocrx_word' id='word_1_518' title='bbox 1240 3238 1288 3286; x_wconf 89' lang='lat'>&amp;</span> <span class='ocrx_word' id='word_1_519' title='bbox 1305 3253 1487 3301; x_wconf 86' lang='lat' dir='ltr'>quoque</span> <span class='ocrx_word' id='word_1_520' title='bbox 1502 3236 1771 3303; x_wconf 65' lang='lat' dir='ltr'>perfeetum,</span> <span class='ocrx_word' id='word_1_521' title='bbox 1790 3238 1846 3286; x_wconf 87' lang='lat' dir='ltr'>de</span> <span class='ocrx_word' id='word_1_522' title='bbox 1858 3251 1949 3301; x_wconf 85' lang='lat' dir='ltr'>qua</span> <span class='ocrx_word' id='word_1_523' title='bbox 1962 3252 2000 3284; x_wconf 61' lang='lat' dir='ltr'>&gt;n</span> <span class='ocrx_word' id='word_1_524' title='bbox 2021 3254 2032 3285; x_wconf 92' lang='lat'><strong>:</strong></span> <span class='ocrx_word' id='word_1_525' title='bbox 2049 3252 2193 3301; x_wconf 85' lang='lat'>9717.</span> <span class='ocrx_word' id='word_1_526' title='bbox 2223 3239 2408 3353; x_wconf 82' lang='lat' dir='ltr'>9861.E</span> 
     </span>
    </p>

    <p class='ocr_par' dir='ltr' id='par_1_7' title="bbox 1044 3307 2431 3360">
     <span class='ocr_line' id='line_1_46' title="bbox 1044 3307 2431 3360; baseline 0.004 -13"><span class='ocrx_word' id='word_1_527' title='bbox 1044 3322 1047 3327; x_wconf 84' lang='lat'>·</span> <span class='ocrx_word' id='word_1_528' title='bbox 1697 3320 1707 3328; x_wconf 89' lang='lat'><strong>·</strong></span> <span class='ocrx_word' id='word_1_529' title='bbox 2150 3307 2339 3360; x_wconf 85' lang='lat'>10,181.</span> <span class='ocrx_word' id='word_1_530' title='bbox 2411 3316 2431 3352; x_wconf 90' lang='lat' dir='ltr'>t</span> 
     </span>
    </p>
   </div>
  </div>
 </body>
</html>
