2840 3718
1567 108 1583 148 l

497 263 631 327 432
1077 240 1139 304 E
1231 236 1312 304 X
1401 237 1454 301 ο
1534 238 1622 302 -D
1714 195 1935 303 Ula

495 369 650 416 intimi
679 369 815 415 coeli:
864 366 913 412 δε
940 362 1138 412 mensam
1163 365 1211 412 &
1242 365 1396 411 omnia
1417 362 1662 428 vasa'ejus,
1705 364 1925 428 fignificat
1946 362 2011 428 [in
2035 364 2158 412 bo'no
2178 365 2402 429 'spirituali
2424 385 2492 418 -ex

496 434 684 489 coelesti,
720 433 844 494 quod
870 431 1047 477 secundi
1071 431 1195 486 coeli,
1238 432 1285 477 δι.
1322 432 1366 477 in
1390 431 1742 479 bonis-&veris
1773 430 2151 479 ministrantibus:
2191 434 2247 479 δε
2273 435 2492 482 Candela2

503 502 635 545 bium
673 501 719 544 δε
757 496 853 543 vasa
890 494 1002 558 ejus,
1051 496 1271 558 fignificat
1311 498 1357 551 in
1391 512 1501 544 vero
1541 497 1770 560 spirituali,
1815 497 1941 560 quod
1981 497 2161 544 secundi
2201 499 2326 555 coeli,
2361 515 2412 547 ac
2447 503 2492 547 in

500 567 614 610 veris
636 562 1012 609 ministrantibus:
1058 564 1106 608 ὅτ
1133 563 1287 609 Altare
1314 562 1502 617 suffitus,
1539 564 1759 624 significat
1799 565 1845 609 in
1881 563 2093 609 omnibus
2128 564 2299 610 cultus
2314 581 2372 611 ex
2405 563 2493 612 illis

501 630 628 676 bonis
662 629 711 675 δε
736 631 881 675 veris:
932 631 979 674 δε.
1015 628 1149 675 altare
1183 628 1444 684 holocausti,
1482 603 1603 691 signi³
1597 629 1716 675 ficat
1737 628 1792 675 ad
1833 616 2240 704 repraesentandum
2266 631 2493 679 Divinum

501 697 778 741 Humanum
803 693 1014 749 Domini,
1054 710 1104 741 ac
1128 694 1268 756 Ipsius
1293 695 1507 741 cultum
1497 711 1542 740 m
1567 710 1756 757 genere:
1803 695 1853 741 δι
1888 696 2041 742 omnia
2069 695 2170 742 v'asa
2201 712 2335 757 ejus,
2358 697 2496 759 figni-

503 761 606 806 ficat
644 761 814 807 Divina
850 761 975 806 Bona
1017 776 1067 806 ac
1106 761 1275 806 Divina
1308 760 1456 806 Vera:
1522 761 1570 806 δε
1616 759 1809 815 labrum,
1851 761 1900 806 &
1940 759 2059 806 basin
2103 759 2219 822 ejus,
2277 762 2497 824 fignificat

501 827 657 872 onmia
676 841 784 888 quae
809 824 907 872 sunt
932 825 1255 888 purificationis
1293 841 1317 871 a
1343 826 1470 872 malis
1509 826 1556 872 δε
1581 823 1711 880 falfis,
1754 839 1804 870 ac
1825 826 2180 887 regenerationis
2217 842 2244 872 a
2261 826 2495 879 Domino:

502 893 551 939 δε
571 891 863 938 sanetificabis
892 906 960 947 ea,
997 893 1046 939 &
1068 903 1199 938 erunt
1232 889 1376 937 san&a
1397 891 1668 946 sanftorum,
1705 890 1925 953 fignificat
1948 890 2008 936 fic
2042 891 2277 937 influxum
2306 893 2360 939 δὲ
2379 896 2499 956 Prae-

501 957 685 1004 sentiam
705 958 902 1005 Domini
938 958 984 1004 in
1018 957 1143 1004 cultu
1168 956 1381 1004 Ecclefiae
1409 956 1817 1019 ·repraesentativae:
1854 958 2003 1004 omnis
2027 969 2215 1033 tangens
2238 957 2322 1005 illa2
2343 957 2500 1006 sandi-i·

503 1023 726 1080 ficabstur,
770 1023 990 1085 fignificat
1026 1023 1466 1070 communicativum
1506 1038 1613 1068 cum
1653 1022 1865 1070 omnibus
1899 1023 1976 1097 qui
2008 1024 2228 1099 recipiunt
2265 1039 2422 1071 amore
2450 1026 2504 1085 ὃς

505 1089 627 1137 fide:
673 1090 727 1136 &
769 1089 1033 1136 Aharonem
1079 1090 1127 1136 δε
1169 1089 1285 1135 filios
1323 1092 1418 1151 eJ‘us
1454 1103 1616 1150 ungeS,
1658 1088 1879 1151 fignificat
1918 1089 2307 1164 inaugurationem
2342 1091 2412 1136 ad
2432 1106 2502 1138 re·

505 1153 867 1218 praesentandum
894 1155 1186 1201 Dominum
1176 1171 1221 1200 m
1247 1166 1439 1216 utroque
1463 1155 1660 1216 Regno,
1705 1155 1754 1200 &
1766 1154 2067 1201 sanctificabis
2106 1160 2202 1202 e'os
2215 1155 2274 1202 ad
2300 1153 2499 1218 fungen-

499 1221 619 1268 dum
654 1220 899 1267 sacerdotio
925 1220 1067 1275 Mihi,
1109 1219 1331 1281 fignificat
1365 1219 1420 1265 ad
1458 1218 1865 1283 repraesentandum
1893 1220 2148 1266 Dominum
2188 1221 2337 1283 quoad
2363 1238 2502 1270 omne

503 1301 620 1348 opus
644 1284 930 1333 salvationis:
975 1285 1026 1332 &
1060 1285 1115 1331 ad
1148 1284 1268 1332 filios
1310 1283 1472 1332 Israelis
1507 1285 1720 1347 loqueris,
1751 1283 1994 1340 dicendo,
2002 1284 2227 1349 fignificat-
2246 1285 2500 1335 instruffio

502 1367 610 1398 nem
635 1351 720 1398 illis
743 1353 823 1414 qui
847 1352 902 1399 ab
926 1350 1155 1398 Ecclesia:
1198 1351 1352 1397 oleum
1376 1351 1599 1398 und'tionis
1624 1349 1863 1398 sanctitatis
1886 1353 1968 1397 erit
2003 1351 2089 1415 hoc
2115 1352 2253 1408 Mihi,
2276 1352 2501 1415 fignificat

502 1416 918 1480 repraesentativum
943 1417 1134 1464 Domini
1157 1417 1306 1479 quoad
1330 1417 1555 1463 Divinum
1577 1417 1885 1465 Humanum.
1923 1418 1967 1463 in
1992 1412 2296 1480 generationes
2320 1418 2500 1477 νείίετω

504 1482 759 1545 significat'
749 1499 793 1530 in
816 1482 1028 1530 omnibus
1052 1481 1294 1529 Ecclefiae:
1332 1481 1461 1545 super
1484 1492 1662 1533 carnem·
1687 1483 1884 1534 hominis
1906 1499 1998 1530 non
2021 1483 2264 1540 fundetur,
2279 1484 2500 1547 fignificat

500 1564 597 1594 non
621 1549 1063 1595 communicativum
1089 1564 1197 1595 curn
1221 1549 1407 1625 proprio
1431 1548 1658 1595 hominis:
1697 1550 1793 1596 ὅτ
1783 1565 1830 1595 m
1853 1549 2064 1611 qualitate
2087 1547 2181 1611 ejus
2212 1565 2305 1596 non
2328 1548 2498 1598 facietis

501 1613 617 1660 ficut
657 1614 1053 1677 illud‚s1gnificat
1097 1630 1190 1661 non
1241 1611 1539 1661 imitationem
1588 1629 1644 1661 ex
1682 1613 1832 1661 studio
1870 1614 2094 1662 hominis:
2149 1613 2353 1663 san6tum
2391 1616 2497 1674 hoc,

500 1677 702 1725 sanetum
737 1680 822 1726 erit
850 1679 997 1735 vobis,
1037 1679 1259 1742 fignificat
1281 1681 1388 1756 quia
1410 1680 1635 1738 Divinum
1660 1679 1879 1726 Domini:
1921 1681 1992 1725 vir
2015 1681 2112 1742 qui
2110 1677 2271 1727 fecerit
2294 1696 2500 1744 unguen·

503 1757 607 1790 tum
634 1745 744 1792 ficut
769 1745 900 1801 illud,
935 1744 1155 1807 fignificat
1178 1746 1477 1793 imitationem
1502 1746 1781 1793 Divinorum
1815 1760 1872 1792 ex
1905 1756 2029 1800 arte;
2065 1745 2115 1793 ὅτ
2136 1743 2216 1808 qui
2238 1745 2410 1794 dederit
2442 1764 2499 1795 ex

498 1810 582 1856 illo
622 1809 752 1873 super
789 1811 1001 1867 alienum,
1042 1811 1261 1873 significat
1311 1811 1705 1872 conjunfflonem
1717 1826 1825 1860 cum
1863 1809 1949 1857 illis
1987 1810 2068 1873 qui
2120 1827 2233 1858 non
2250 1812 2499 1874 agnoscunt

503 1876 779 1932 Dominum,
815 1877 877 1922 ita
897 1876 978 1938 qui
1001 1877 1048 1922 in
1072 1876 1200 1923 malis
1225 1875 1325 1924 sunt
1350 1878 1399 1925 δε
1420 1875 1535 1923 fallis
1572 1877 1707 1924 mali:
1748 1877 1797 1924 &
1829 1872 2112 1939 exscindetur
2133 1892 2158 1924 e
2178 1878 2360 1941 populis
2381 1878 2489 1936 suis,

500 1939 721 2002 fignificat
755 1941 1072 2005 separationem
1106 1943 1156 1989 &
1180 1954 1375 1989 mortem
1400 1942 1782 2006 spiritualem..

575 2023 682 2064 10,2
690 2024 766 2069 50
793 2008 856 2054 Et
878 2008 1095 2070 loquutus
1110 2007 1172 2055 est
1186 2009 1391 2069 Jehovah
1412 2009 1469 2055 ad
1487 2008 1726 2064 Moschen,
1752 1971 1962 2066 dicendo,
1986 1967 2111 2072 quod
2135 2009 2354 2074 significet
2376 2010 2498 2059 aliud

498 2075 815 2135 perceptivum
838 2089 894 2121 ex
917 2073 1202 2122 illustratione
1225 2091 1305 2138 per
1320 2074 1524 2122 Verbum
1550 2090 1575 2121 a
1596 2075 1819 2131 Domino,
1841 2075 2011 2123 constat
2034 2092 2090 2123 ex
2112 2076 2214 2133 illis,
2238 2092 2344 2152 quae
2366 2077 2499 2140 supra

496 2154 787 2202 11:10,215‚
822 2139 1039 2203 explicata
1072 2140 1189 2198 sunt,
1212 2140 1291 2188 ubi
1312 2141 1471 2188 similia
1493 2139 1653 2188 verba:
1685 2141 1821 2204 quod
1846 2142 1900 2189 sit
1922 2142 2042 2189 aliud
2066 2145 2456 2215 perceptivum,e
2425 2176 2430 2185 1
2432 2142 2498 2189 est

502 2204 622 2263 quia,
647 2220 755 2251 cum
777 2205 946 2269 aliquid
966 2222 990 2251 e
1006 2222 1131 2253 novo
1153 2207 1374 2254 revelatur
1389 2209 1436 2254 &
1451 2206 1735 2263 mandatur,
1724 2219 1784 2254 ita
1800 2207 1982 2263 dicitur,
2001 2209 2208 2254 videatur
2224 2222 2493 2272 n:10,234

502 2309 511 2314 -
576 2284 685 2325 10,2
692 2288 768 2331 51
805 2271 869 2317 Et
891 2283 941 2317 tu
964 2272 1115 2335 accipe
1138 2271 1220 2318 tibi
1243 2283 1440 2319 aromata
1462 2273 1710 2334 praecipua,
1744 2273 1871 2333 quod
1899 2272 2119 2333 significet
2140 2287 2197 2318 ex
2214 2272 2368 2319 Verbo
2390 2288 2495 2321 vera

503 2350 611 2381 cum
635 2336 780 2391 bonis,
815 2351 921 2407 quae
946 2349 1071 2398 grate
1095 2338 1421 2400 percipiuntur,
1453 2336 1623 2384 constat
1643 2352 1701 2383 ex
1723 2336 2046 2398 significatione
2069 2348 2342 2394 aromatum,
2364 2340 2494 2402 quod
2525 2370 2531 2377 -

502 2401 589 2447 fint
627 2417 736 2449 vera
773 2400 1014 2465 οοῐῄυηέὶα
1052 2402 1197 2459 bonis,
1238 2418 1344 2465 quae
1383 2414 1526 2465 grata,
1571 2402 1628 2448 de
1661 2417 1750 2469 qua
1787 2418 1852 2449 n:
1878 2419 2087 2466 1o‚199;
2134 2403 2262 2465 quod
2299 2404 2353 2450 fit
2388 2420 2495 2467 quae

503 2479 627 2528 grate
647 2468 973 2541 percipiuntur,
1008 2467 1070 2514 est
1093 2469 1199 2531 quia
1230 2468 1346 2515 odor
1367 2468 1586 2531 fignificat
1607 2468 1938 2530 perceptivum,
1972 2471 2022 2515 &
2046 2467 2151 2515 inde
2173 2468 2288 2516 odor
2317 2485 2493 2518 aroma·

504 2533 619 2579 ticus
639 2533 1010 2597 perceptivumt>
978 2546 1193 2581 erratum·
1181 2567 1197 2590 ,
1242 2534 1369 2597 quod
1407 2533 1524 2581 odor
1561 2533 1782 2596 significet
1820 2534 2153 2597 perceptivum‚
2190 2535 2395 2582 videatur
2427 2553 2491 2584 n:

508 2613 651 2660 3577.
682 2603 814 2659 4624
852 2599 908 2645 ad
949 2599 1094 2660 4634
1134 2605 1526 2664 4748.10‚054;
1572 2599 1698 2662 quod
1738 2598 1823 2646 smt
1855 2615 1958 2647 vera
1991 2598 2230 2662 conjunfta
2272 2600 2401 2649 bonis
2436 2617 2493 2649 ex

503 2663 675 2719 Verbo,
710 2663 773 2710 est
796 2665 901 2726 quia
940 2664 1025 2710 hoc
1050 2666 1214 2711 dicitur
1253 2664 1309 2710 ad
1332 2665 1570 2719 Moschen‚
1610 2665 1778 2710 dicitur
1809 2666 1949 2722 enim,
1986 2675 2035 2711 tu
2075 2666 2226 2728 accipe
2262 2667 2358 2723 tibi,
2394 2683 2492 2715 aro·

506 2740 640 2783 mata,
678 2727 727 2774 &
756 2743 853 2790 per
889 2728 1110 2775 Moschen
1148 2728 1482 2803 repraesentatur
1517 2729 1746 2776 Dominus
1776 2731 1926 2792 quoad
1963 2730 2188 2787 Verbum,
2235 2747 2296 2779 n:
2323 2749 2383 2796 93
2392 2749 2486 2797 72·
2474 2768 2490 2788 ‚

506 2805 723 2855 praeterea
746 2793 948 2839 Verbum
986 2793 1067 2850 est,
1099 2809 1157 2840 ex
1195 2809 1288 2856 quo
1326 2796 1482 2840 omnia
1504 2795 1621 2841 Vera
1644 2794 1857 2844 Ecclefiae
1894 2795 2012 2853 sunt,
2056 2813 2162 2843 nam
2185 2797 2390 2845 Verbum
2428 2797 2492 2845 est

504 2856 653 2921 ipsum
682 2859 902 2905 Divinum
927 2859 1100 2906 Verum
1131 2859 1370 2906 demissum
1393 2876 1417 2906 e
1442 2859 1566 2907 coelo
1601 2875 1626 2906 a
1652 2861 1870 2908 Domino.

579 2940 767 2986 10,252.
805 2924 1046 2987 Myrrham
1080 2924 1321 2987 optimam,
1367 2926 1494 2987 quod
1533 2925 1753 2988 fignificet
1790 2929 2127 2991 perceptionem
2150 2929 2245 2976 veri
2267 2927 2486 2986 sensualis,

506 2988 677 3036 constat
708 3005 763 3036 ex
798 2989 1121 3052 significatione
1156 2991 1352 3052 myrrhae
1374 2990 1628 3048 odoriferae,
1663 2993 1788 3055 quod
1813 2993 1867 3040 fit
1888 2996 2118 3057 perceptio
2138 2994 2232 3040 veri
2255 2992 2487 3051 sensualis,

505 3054 619 3101 odor
640 3056 763 3100 enim
786 3071 879 3117 ejus
901 3055 964 3102 est
987 3056 1316 3119 perceptivurn,
1352 3068 1403 3103 ut
1426 3073 1536 3104 mox
1558 3056 1704 3119 supra,
1739 3059 1789 3105 ὅτ
1813 3058 1994 3120 myrrha
2011 3058 2077 3106 est
2099 3073 2257 3104 verum
2281 3057 2483 3108 sensuale.

508 3122 682 3180 Agitur
713 3121 756 3167 in
781 3135 900 3167 nunc
920 3120 1200 3184 sequentibus
1236 3122 1292 3168 de
1331 3122 1451 3169 Oleo
1473 3117 1711 3179 υῃξὶίοηίε,
1747 3139 1826 3186 per
1849 3125 1987 3187 quod
2009 3123 2281 3199 significatur
2306 3125 2488 3174 Bonum

493 3185 698 3243 coeleste,
736 3186 862 3249 quod
880 3185 943 3235 est
958 3188 1188 3236 Divinum
1214 3188 1392 3236 Bonum
1419 3189 1578 3236 Divini
1617 3191 1806 3239 Amoris
1843 3190 2036 3238 Domini
2066 3190 2115 3236 in
2145 3188 2318 3238 Coelo
2306 3193 2487 3249 intim0,

2391 3255 2487 3320 ejus
