2840 3718
580 199 922 265 CAPUT
968 199 1640 267 TRIGESIMUM
1687 203 2124 267 PRIMUM.
2242 227 2379 292 497

364 318 429 373 ita
451 338 560 373 cum
582 322 646 372 est
683 320 952 378 instaurata;
995 321 1068 370 seu
1103 338 1213 372 cum
1249 323 1391 372 homo
1414 324 1630 374 Ecclefiae
1665 325 1711 373 in
1735 324 1858 373 bono
1892 322 1974 382 est,
2015 322 2075 371 ita
2108 336 2216 370 cum
2248 336 2375 385 rege-

362 404 573 440 neratus:
616 391 663 438 in
687 387 900 453 supremo
923 388 1047 437 sensu
1084 405 1166 453 per
1203 391 1327 441 diem
1367 390 1632 455 septimum,
1672 393 1722 440 &
1746 408 1827 456 per
1862 391 2066 456 quietem
2103 390 2153 437 δε
2189 387 2374 452 respira-

361 458 535 506 tionem
557 457 752 520 Jehovae
790 467 919 512 tunc,
959 455 1236 518 fignificat-ur
1269 458 1381 505 unio
1413 458 1558 522 Ipfius
1582 459 1742 506 Divini
1776 458 1903 522 quod
1928 458 2059 505 Pater
2094 466 2285 503 vocatur
2318 470 2375 503 ac

360 524 526 572 Divini
565 522 775 576 Humani
813 522 940 584 quod
979 522 1122 578 Filius
1156 524 1203 570 in
1242 524 1467 578 Domino,
1514 526 1574 572 ita
1611 540 1718 574 cum
1757 526 1988 572 Dominus
2037 523 2173 570 etiam
2215 522 2369 586 quoad

355 591 646 638 Humanum
678 586 812 635 suum
850 585 994 635 faetus
1026 587 1091 635 est
1119 589 1350 636 Divinum
1390 591 1573 638 Bonum
1609 592 1771 638 Divini
1796 592 1988 640 Amoris
2028 589 2101 637 seu
2125 587 2331 650 Jehovah
2351 610 2369 643 ·,

361 657 466 706 inde
499 655 580 712 est,
614 653 743 718 quod
779 653 963 717 Septem
999 655 1044 701 in
1069 654 1226 703 Verbo
1265 656 1351 703 lint
1390 655 1610 714 sanctum,
1646 658 1852 705 videatur
1885 673 1948 704 n:
1977 672 2086 721 395.
2113 673 2225 719 433.
2256 655 2367 719 716.

363 722 647 784 881.i5265.
675 719 836 784 5268:
878 721 1013 784 'quod
1037 720 1245 782 jehovah
1286 723 1463 772 dicatur
1500 736 1609 771 tunc
1646 723 1860 787 quieviffe
1898 726 1946 772 &
1980 722 2264 786 respiraviffe,
2302 720 2368 768 est

357 790 464 854 quia
486 789 717 836 Dominus
749 787 904 850 quoad
929 787 1206 835 Humanum
1233 787 1363 836 suum
1389 802 1499 838 tunc
1534 790 1665 854 supra
1687 806 1846 839 omnes
1871 788 2170 837 infestationes
2205 787 2261 834 ab
2294 787 2363 834 in·

357 855 494 904 fernis
517 868 627 912 erat,
665 870 716 902 ac
749 866 859 901 tunc
887 852 977 911 ,sub
998 853 1142 917 Ipsius
1181 855 1391 905 dominio
1416 857 1604 905 Coelum
1643 858 1693 905 &
1716 857 1908 911 Terra?
1956 856 2361 904 Matth:x'xv111:

362 927 418 973 18
442 941 454 970 ε
503 922 630 986 quies
649 920 702 968 ὅτ,
725 919 956 984 respiratio
976 920 1112 967 etiam
1135 921 1243 969 coeli
1267 934 1359 969 erat
1383 935 1510 980 tunc,
1550 925 1655 987 quia
1688 939 1711 970 a
1734 925 1942 972 Domino
1979 934 2091 970 tunc
2128 921 2283 969 omnia
2315 921 2362 967 in

356 989 481 1047 coelo
513 990 560 1036 in
594 987 803 1036 ordinem
838 985 1015 1033 'redacta
1038 985 1156 1040 sunt,
1197 1003 1247 1034 ac
1271 987 1441 1035 inferna
1464 986 1730 1053 subjugata:
1772 989 1971 1036 fimiliter
1994 989 2042 1035 in
2070 989 2212 1043 terris,
2245 1001 2364 1049 quo·

357 1059 480 1106 niam
505 1069 615 1102 cum
639 1052 813 1100 coelum
848 1052 895 1099 in
929 1052 1088 1101 ordine
1118 1051 1199 1110 est,
1234 1052 1480 1103 &inferna
1516 1053 1767 1119 subjugata,
1810 1055 1952 1103 homo
1989 1054 2143 1102 salvari
2178 1054 2363 1117 potuit:

355 1122 462 1170 inde
499 1131 638 1186 patet,
672 1118 800 1182 quod
834 1119 962 1182 quies
984 1118 1194 1180 Jehovae‚
1235 1119 1289 1167 fit
1312 1136 1404 1184 pax
1441 1121 1491 1170 ὅτ
1531 1121 1643 1170 salus
1682 1121 1849 1186 angelis
1873 1122 1918 1168 in
1941 1121 2090 1178 coelis,
2133 1121 2182 1167 ὅτ
2213 1118 2362 1167 homi-

356 1190 488 1238 nibus
523 1189 569 1235 in
594 1188 756 1242 terris·,
796 1185 866 1232 his
898 1200 1006 1232 cum
1031 1185 1077 1231 in
1102 1185 1224 1233 bono
1246 1187 1363 1243 sunt,
1399 1189 1449 1236 ὅτ
1474 1203 1554 1251 per
1588 1189 1632 1235 id
1671 1190 1717 1235 in
1740 1189 1962 1236 Domino.

428 1270 623 1318 10,375.
658 1252 724 1300 Et
756 1251 886 1298 dedit
917 1251 973 1298 ad
1000 1251 1220 1299 Moschen
1251 1253 1297 1299 in
1326 1252 1601 1302 absolvendo
1624 1255 1728 1317 lpso
1760 1254 1815 1302 ad
1841 1253 2124 1318 loquendum
2148 1266 2259 1299 cum
2282 1250 2364 1299 illo

354 1337 381 1371 e
410 1333 568 1369 monte
589 1318 710 1367 Sinai
732 1317 844 1366 duas
868 1317 1040 1366 tabulas
1057 1317 1347 1376 Testimonii‚
1378 1321 1508 1384 quod
1526 1321 1749 1384 significet
1782 1318 2149 1382 conjunctionem
2167 1318 2362 1365 Domini

355 1403 438 1450 per
467 1384 669 1434 Verbum
719 1399 828 1431 cum
874 1383 1076 1438 homine,
1121 1384 1295 1433 constat
1334 1401 1393 1433 ex
1431 1385 1820 1450 repraesentatione
1860 1385 2084 1441 Moschis,
2139 1383 2267 1447 quod
2306 1384 2363 1431 fit

354 1452 582 1509 Verbum,
617 1450 675 1498 de
709 1465 800 1513 qua
836 1451 882 1497 in
918 1449 1032 1497 locis
1072 1450 1219 1498 citatis
1253 1467 1310 1498 n:
1333 1470 1362 1517 9
1369 1468 1495 1516 3723
1546 1468 1605 1500 ex
1643 1452 1967 1516 significatione
2000 1453 2048 1498 in
2089 1450 2363 1498 absolvendo

353 1519 482 1584 loqui
517 1533 627 1566 cum
650 1515 745 1573 illo,
784 1515 911 1580 quod
934 1515 990 1564 slt
1022 1515 1263 1580 postquam
1299 1520 1455 1570 omnia
1485 1517 1689 1566 instituta
1722 1518 1846 1576 sunt,
1876 1533 1981 1566 nam
2021 1532 2128 1581 quae
2152 1516 2360 1579 jehovah

352 1588 463 1635 cum
488 1583 678 1633 Mosche
717 1583 764 1630 in
798 1594 952 1630 monte
977 1582 1097 1632 Sinai
1129 1583 1349 1648 loquutus
1385 1585 1465 1644 est,
1501 1599 1625 1634 erant
1647 1601 1754 1650 quae
1789 1584 2060 1633 instituenda
2098 1581 2220 1648 apud
2243 1582 2361 1630 filios

354 1651 541 1709 Israelis,
580 1653 642 1699 ita
674 1665 781 1713 quae
805 1649 1052 1704 Ecclefiae;
1093 1665 1149 1696 ex
1182 1650 1508 1713 significatione
1532 1653 1711 1700 Montis
1744 1652 1883 1710 Sinai,
1916 1651 2044 1716 quod
2078 1650 2131 1698 fit
2164 1649 2361 1706 coelum,

357 1718 478 1767 unde
511 1718 740 1766 Divinum
762 1715 959 1773 Verum,
1006 1715 1064 1762 de
1097 1728 1187 1780 qua
1221 1733 1250 1764 n
1271 1735 1282 1766 ε
1307 1720 1454 1782 8805.
1488 1735 1651 1781 9420;
1711 1735 1770 1767 ex
1802 1717 2127 1783 fignificatione
2164 1716 2361 1763 duarum

352 1785 626 1840 tabularum,
662 1780 791 1846 quod
814 1781 900 1832 sint
923 1782 1027 1830 Lex
1048 1782 1095 1829 in
1118 1783 1256 1845 omni
1271 1787 1537 1849 complexu,
1575 1788 1636 1834 ita
1658 1785 1884 1842 Verbum,
1906 1785 1962 1832 de
1984 1799 2074 1848 qua
2107 1800 2167 1831 n:
2190 1783 2320 1843 9416
2336 1803 2360 1838 ·,

354 1853 405 1906 ,ὅτ
438 1867 498 1900 ex
531 1849 858 1915 fignificatione
878 1848 1167 1906 Testimonii,
1206 1851 1337 1914 quod
1376 1851 1430 1900 fit
1458 1848 1688 1900 Dominus
1728 1852 1880 1917 quoad
1912 1852 2141 1899 Divinum
2167 1849 2360 1906 Verum,

353 1919 412 1967 de
443 1933 536 1982 qua
568 1933 630 1966 n:
653 1919 796 1980 8535.
824 1931 985 1980 9503:
1031 1914 1294 1978 conjunctio
1326 1933 1404 1982 per
1440 1918 1556 1966 illud
1591 1935 1699 1968 cum
1724 1920 1928 1975 homine,
1970 1918 2246 1982 significatur
2277 1930 2359 1979 per

352 1985 482 2050 quod
506 1983 703 2033 Tabulae
726 1982 846 2029 binae
875 1983 1028 2039 effent,
1065 1982 1115 2030 &
1136 1981 1393 2047 conjunctae
1425 1986 1482 2033 ad
1506 1985 1639 2033 instar
1659 1987 1862 2044 foederis,
1885 1985 2093 2033 videatur
2115 2000 2146 2031 n
2164 2001 2176 2032 ε
2197 1981 2359 2048 94165

353 2052 491 2101 etiam
516 2066 598 2114 per
635 2050 734 2111 duo
769 2047 1047 2110 fignificatur
1078 2046 1358 2113 conjunstiO,
1406 2068 1435 2098 n
1456 2070 1467 2099 :
1491 2068 1634 2116 5194.
1671 2054 1832 2117 8423:
1896 2051 2002 2099 inde
2041 2061 2180 2115 patet,
2227 2047 2359 2114 quod

353 2134 436 2183 per
458 2116 604 2180 [dedit
625 2114 829 2178 Jehovah
858 2115 912 2162 ad
939 2114 1162 2162 Moschen
1195 2116 1242 2163 in
1274 2115 1548 2166 absolvendo
1574 2117 1673 2182 ipso
1709 2118 1765 2167 ad
1805 2117 2087 2183 loquendum
2129 2131 2238 2164 cum
2277 2114 2360 2162 illo

354 2201 380 2233 e
413 2195 572 2233 monte
597 2183 720 2230 Sinai
750 2181 861 2228 duas
890 2180 1090 2229 Tabulas
1112 2180 1402 2242 Testimonii,
1436 2184 1712 2249 fignificetur
1744 2185 1870 2250 quod
1893 2183 2133 2249 postquam
2158 2180 2358 2230 Ecclesia

354 2250 590 2299 instaurata
622 2247 704 2305 est,
735 2245 1006 2311 'conjunc‘tio
1044 2249 1239 2296 Domini
1275 2266 1383 2298 cum
1429 2251 1614 2299 homine
1650 2252 1702 2299 sit
1741 2267 1822 2316 per
1851 2251 2078 2307 Verbum,
2129 2248 2256 2313 quod
2299 2247 2356 2294 ab

350 2317 457 2382 Ipso
491 2331 517 2364 e
550 2315 676 2363 coelo
709 2314 966 2363 demifl'um.
1036 2315 1182 2374 Quod
1206 2316 1411 2365 Verbum
1437 2317 1492 2365 fit
1524 2334 1604 2382 per
1625 2319 1752 2382 quod
1777 2319 2009 2366 Dominus
2045 2317 2198 2378 influit
2234 2313 2356 2378 apud

353 2384 605 2439 hominem,
641 2382 845 2446 loquitur
872 2396 981 2428 curn
1018 2380 1113 2437 illo,
1155 2382 1204 2429 &
1238 2382 1535 2448 conjungitur
1568 2385 1650 2442 illi,
1687 2385 1892 2433 videatur
1925 2401 1955 2431 n
1984 2402 1994 2431 :
2028 2398 2166 2447 1775.
2207 2395 2352 2445 2310.

352 2452 498 2514 2899.
527 2449 669 2512 3476.
698 2462 840 2511 3735.
870 2451 997 2509 3982
1026 2447 1115 2495 fin:
1144 2465 1287 2513 4217.
1315 2465 1439 2513 9212
1464 2451 1556 2498 fin:
1595 2453 1722 2515 9216
1747 2451 1841 2499 fin:
1869 2467 2013 2515 9357.
2042 2455 2185 2513 9380.
2208 2446 2355 2511 9396.

353 2532 500 2580 9400.
528 2530 672 2576 9401.
703 2527 896 2573 10,290.
1001 2548 1003 2550 -

428 2580 616 2644 10.376.
669 2578 868 2627 Tabulas
917 2577 1074 2642 lapidis
1125 2578 1304 2642 scriptas
1350 2581 1499 2645 digito
1536 2583 1641 2640 Dei,
1702 2582 1828 2647 quod
1864 2581 2085 2646 significet
2121 2577 2354 2628 Divinum

352 2648 528 2695 Verum
567 2643 635 2694 ibi‘
663 2644 721 2694 ab
753 2644 857 2708 Ipso
879 2645 1101 2703 Dom1n0‚
1147 2646 1318 2694 constat
1356 2663 1414 2695 ex
1445 2648 1768 2713 significatione
1807 2649 2078 2704 tabularum,
2115 2645 2245 2710 quod
2267 2644 2354 2695 smt

350 2714 455 2762 Lex
493 2713 539 2760 in
573 2713 701 2760 omni
735 2711 996 2775 complexu,
1054 2713 1115 2760 ita
1137 2712 1362 2770 Verbum,
1415 2715 1473 2762 de
1511 2731 1603 2779 qua
1637 2734 1664 2764 n
1688 2734 1698 2763 :
1722 2716 1884 2784 94163
1930 2731 1987 2762 ex
2027 2712 2352 2780 fignificatione

351 2780 530 2845 lapidis,
565 2777 690 2842 quod
714 2777 766 2824 fit
788 2778 1014 2825 Divinum
1039 2779 1214 2827 Verum
1250 2777 1295 2828 in
1321 2781 1509 2839 ultimiS‚
1545 2781 1601 2830 de
1639 2799 1731 2848 qua
1767 2784 1991 2846 sequitur3
2036 2782 2087 2830 &
2121 2795 2180 2827 ex
2217 2777 2354 2841 figni-

351 2847 558 2894 ficatione
580 2843 708 2891 scribi
734 2844 882 2909 digito
903 2845 1013 2900 Dei,
1049 2845 1175 2908 quod
1200 2845 1252 2894 fit
1286 2846 1342 2896 ab
1369 2846 1468 2911 {pso
1487 2848 1713 2906 Domino,
1751 2865 1853 2898 nam
1881 2848 2006 2912 quod
2032 2845 2236 2894 scribitur
2271 2843 2351 2890 ali-

352 2911 483 2977 cujus
514 2911 679 2973 digito,
718 2909 783 2957 est
817 2909 874 2957 ab
896 2909 1014 2974 ipso:
1046 2911 1192 2970 Quod
1224 2912 1390 2960 tabulae
1421 2914 1512 2962 illae
1543 2931 1599 2963 ex
1633 2916 1780 2980 lapide
1802 2916 1954 2970 essent,
1979 2929 2028 2961 ac
2052 2911 2188 2959 verba
2210 2908 2354 2972 Legis

332 2979 492 3043 ,lapidi
516 2976 741 3041 inscripta,
781 2987 873 3030 erat
911 2974 1053 3033 causa,
1090 2978 1196 3041 quia
1230 2979 1371 3042 Lapis
1408 2979 1627 3043 fignificat
1651 2984 1826 3029 Verum
1865 2982 1908 3026 in
1951 2979 2141 3034 ultimiS,
2182 2991 2231 3024 ac
2266 2975 2353 3023 Di-

355 3048 517 3092 vinum
541 3044 719 3091 Verum
759 3043 805 3089 in
847 3041 1021 3089 ultimis
1058 3041 1123 3090 est
1163 3043 1306 3092 sensus
1338 3045 1484 3094 literae
1507 3048 1663 3107 Verbi,
1713 3051 1757 3095 in
1798 3063 1892 3110 quo
1933 3045 2076 3094 sensus
2115 3047 2353 3102 internus·,

354 3112 480 3174 quod
506 3109 646 3174 Lapis
672 3108 726 3157 fit
748 3108 941 3165 Verum,
977 3107 1184 3158 videatur
1217 3112 1406 3177 11:643.
1437 3119 1577 3178 1298.
1606 3131 1749 3181 3720.
1779 3114 1920 3175 6426.
1947 3114 2107 3179 9476:
2149 3113 2201 3160 &
2224 3114 2354 3175 quod

357 3178 411 3225 fit
434 3177 609 3226 Verum
626 3176 680 3226 in
703 3175 893 3233 ultimiS‚
929 3190 989 3226 n:
1013 3175 1155 3245 8609.
1380 3190 1382 3192 ·
2009 3223 2013 3226 .
2202 3208 2207 3215 ,

424 3243 564 3312 Pastis
588 3242 668 3291 111.
1270 3243 1317 3294 R
1344 3259 1364 3291 r
1385 3260 1408 3293 r
2067 3245 2367 3299 Continuatio
