2840 3718
495 266 578 308 20
1049 239 1589 306 EXofD
1684 239 1903 307 U'8.

493 364 646 427 gentia
678 363 726 410 δε
750 360 973 425 sapientia,
1015 377 1118 407 nam
1153 361 1446 424 intelligentia
1478 359 1541 416 est
1574 376 1631 407 ex
1654 362 1770 408 veris
1794 361 1916 417 fidei,
1958 361 2006 408 &
2032 359 2238 424 sapientia
2271 379 2326 412 ex
2350 364 2483 414 bonis

497 431 636 484 fidci3
688 431 747 475 ita
781 429 900 491 apud
928 427 1236 484 Ezechielem,
1275 432 1309 453 ‘⁶
1334 427 1499 474 Plenus
1531 425 1756 489 sapientia,
1792 429 1839 474 δε
1866 425 2086 489 perfec'rus
2120 430 2483 492 pul'chritudine3

499 498 544 542 in
571 497 702 542 Eden
727 495 858 540 horto
882 493 969 539 Dei
993 491 1132 548 fuisti,
1175 495 1302 539 omnis
1324 493 1434 554 lapis
1450 494 1659 555 pretiosus
1683 495 1978 555 operimentum
2001 503 2136 550 tuum,
2174 497 2376 553 rubium,
2414 511 2487 546 tor·

500 563 674 624 pazius,
728 560 925 614 adamaS,
975 558 1261 614 tharschisch,
1294 559 1548 621 schoham,'’
1605 574 2014 620 xxv111:12.713.
2053 576 2128 621 15,
2186 561 2248 607 ibi
2295 563 2351 609 de
2387 575 2493 627 rege

501 628 637 688 Tyri,
696 641 775 689 per
835 640 974 688 quern
1036 625 1313 688 significatur
1364 624 1657 687 intelligentia
1714 640 1770 671 ex
1826 627 2163 687 cognitionibus
2218 629 2312 674 veri
2367 630 2491 681 fidei,

502 708 564 738 n:
592 709 729 740 1201.
2131 710 2133 712 ·

571 774 714 822 9477.
752 756 952 820 Ephodo
986 758 1036 804 &
1058 754 1287 819 pectorali,
1325 757 1451 819 quod
1490 755 1708 818 significet
1744 771 1849 819 quae
1883 757 2196 818 integumento
2230 759 2484 808 coelestibus

501 827 691 870 externis
715 824 763 870 δε
789 824 986 878 internis,
1022 821 1197 868 constat
1227 838 1286 868 ex
1309 823 1629 884 significatione
1658 821 1839 884 ephodi,
1879 822 2006 884 quod
2043 823 2094 868 sit
2128 824 2178 870 id
2208 826 2332 886 quod
2368 830 2497 890 tegit

500 890 675 936 bonum
704 888 911 943 coeleste;
967 903 1047 951 per
1070 888 1347 936 Aharonem,
1364 889 1486 935 enim
1518 899 1568 933 ut
1597 887 1867 949 poniificem
1895 887 2283 950 repraesentabatur
2316 891 2482 939 Domi·

491 954 586 1001 rnus
618 955 765 1018 quoad
806 954 977 1001 bonum
1017 954 1196 1009 amoris,
1233 969 1312 1016 per
1343 953 1484 1000 vestes
1516 951 1628 1016 eju&
1665 953 1714 999 &
1739 953 1972 1015 simprimis
2007 969 2086 1015 per
2123 954 2374 1017 ephodum,
2415 974 2481 1005 re-

501 1020 845 1084 praesentabatur
868 1035 1027 1066 verum
1053 1020 1162 1066 fidei.
1191 1020 1316 1082 quod
1340 1034 1398 1066 ex
1421 1019 1543 1066 bono
1575 1019 1739 1064 amoris
1756 1041 1772 1074 ·,
1808 1019 1980 1065 bonum
2013 1021 2187 1066 amoris
2200 1021 2262 1068 est
2284 1022 2481 1081 coeleste,

501 1089 551 1134 &
588 1103 748 1134 verum
786 1087 890 1133 fidei
924 1085 985 1133 est
1019 1098 1350 1148 tegumentum
1375 1083 1487 1146 ejus,
1524 1099 1630 1131 nam
1670 1086 1772 1131 vera
1805 1085 2172 1147 teguntssbona,
2201 1102 2477 1152 quapropter

500 1168 603 1199 vera
637 1169 716 1215 per
739 1152 876 1199 vestes
916 1151 1221 1214 significantur
1251 1153 1304 1198 ’ἰη
1327 1151 1497 1206 Verbo,
1538 1168 1597 1198 n:
1624 1166 1769 1212 4545.
1797 1154 1938 1212 5'241.
1968 1167 2124 1215 53¹9·
2161 1167 2305 1217 5954.
2334 1168 2478 1220 9⁶29&

500 1235 659 1282 9212:
709 1218 905 1265 coelestia
927 1219 1049 1264 enim
1074 1231 1182 1279 quae
1213 1216 1314 1263 sunt
1349 1217 1455 1271 boni
1489 1218 1656 1273 amoris
1690 1217 1736 1262 in
1774 1217 1897 1263 coelo
1938 1216 2307 1278 repraesentantur
2340 1222 2477 1279 nuda,

498 1297 770 1347 quapropter
795 1284 857 1329 illi
881 1285 960 1346 qui
981 1299 1006 1329 e
1032 1284 1196 1345 Regno
1219 1282 1388 1329 coelesti
1415 1283 1605 1329 Domini
1629 1281 1745 1338 sunt,
1779 1295 1995 1344 apparent
2029 1282 2173 1337 nudi;
2208 1286 2289 1346 qui
2313 1283 2473 1335 ‘autem

496 1366 521 1395 e
546 1352 712 1412 Regno
746 1349 959 1411 spirituali
999 1347 1125 1404 sunt,
1150 1350 1229 1411 qui
1270 1348 1370 1396 sunt
1401 1350 1479 1411 qui
1520 1364 1598 1409 per
1619 1362 1725 1394 vera
1755 1347 1878 1404 fidei,
1913 1348 2158 1395 introducti
2195 1349 2296 1396 sunt
2328 1367 2353 1398 a
2374 1354 2476 1400 D02

499 1417 627 1462 mino
665 1418 709 1461 in
735 1415 906 1461 bonum
933 1414 1171 1470 charitatis,
1211 1426 1423 1477 apparent
1445 1413 1642 1460 vestibus
1681 1413 1859 1468 induti;
1904 1413 1991 1460 hoc
2015 1414 2232 1476 Regnum
2265 1415 2330 1463 'est
2364 1417 2478 1467 infra

496 1482 715 1544 Regnum
738 1480 934 1536 coeleste,
958 1481 1008 1526 &
1030 1480 1154 1542 quod
1179 1479 1293 1527 infra
1312 1478 1391 1536 est,
1424 1491 1742 1542 tegumentum
1776 1478 1839 1526 est
1862 1480 2107 1542 superiori;
2147 1479 2330 1530 inferius
2351 1485 2482 1533 enim

493 1546 558 1593 est
584 1548 792 1602 exterius,
833 1547 880 1592 δὲ
919 1546 1117 1610 superius
1149 1546 1213 1592 est
1245 1547 1443 1601 interius,
1483 1562 1543 1593 n:
1572 1550 1714 1602 2148.
1757 1547 1899 1608 3084ss
1939 1560 2086 1607 4599.
2129 1549 2270 1607 5146.
2316 1553 2472 1612 8325:

493 1612 599 1659 inde
636 1625 773 1676 patet,
823 1612 934 1674 quid
970 1627 1049 1674 per
1086 1611 1317 1674 ephodum
1341 1610 1644 1674 'fignificatun
1690 1625 1799 1657 cum
1836 1626 1917 1674 per
1937 1611 2198 1659 Aharonem
2238 1614 2478 1664 Dominus

488 1678 644 1740 ‘quoad
670 1679 892 1724 Divinum
926 1677 1137 1725 coeleste:
1183 1678 1308 1741 quod
1333 1677 1576 1724 sacerdotes
1610 1674 2025 1739 repraesentaverint·
2038 1677 2297 1725 Dominum
2320 1682 2475 1743 quoad

489 1744 718 1791 Divinum
740 1745 939 1799 Bonum,
973 1742 1023 1790 &
1045 1742 1171 1806 quod
1204 1758 1328 1806 reges
1362 1743 1511 1806 quoad
1537 1743 1760 1789 Divinum
1783 1742 1978 1799 Verum,
2000 1743 2208 1790 videatur
2230 1760 2259 1790 n
2279 1762 2290 1791 ε
2313 1749 2439 1804 6148
2457 1765 2478 1797 τ

490 1822 536 1856 at
568 1808 818 1865 sciendum,
866 1808 990 1872 quod
1025 1824 1105 1872 per
1143 1808 1378 1872 ephodum
1420 1807 1722 1871 significatum
1760 1807 1816 1855 fit
1849 1820 2175 1871 ,tegumentum
2215 1810 2479 1859 coelestibus

486 1877 697 1932 externis,
738 1877 787 1922 &
811 1891 891 1938 per
911 1874 1132 1938 pecierale
1165 1886 1484 1938 tegumentum
1500 1872 1777 1920 (coelestibus
1796 1874 1980 1921 internis
1998 1873 2022 1928 ς’
2064 1873 2137 1920 sed
2172 1874 2229 1921 de
2253 1875 2318 1922 his
2341 1877 2471 1940 plura

487 1943 534 1988 in
569 1940 867 2005 sequentibus,
902 1940 984 2003 -ubi
1007 1941 1065 2004 de
1087 1939 1284 2004 ephod0,
1319 1942 1378 1989 δι’
1393 1941 1454 1987 de
1474 1939 1701 2004 pectorali,
1740 1939 1792 1985 in
1811 1954 1906 2003 quo
1926 1939 2068 1987 urim
2091 1941 2142 1987 ὅτ
2165 1939 2472 2002 Thummim,

486 2007 676 2054 dicetur.
965 2038 968 2039 ν
1347 2032 1351 2034 -
1404 2021 1406 2026 ·
2082 2041 2086 2045 ·

557 2075 702 2138 9478.
734 2072 878 2120 Vers:
903 2077 944 2122 8.
973 2091 1018 2138 9.
1067 2074 1129 2123 Et
1149 2073 1326 2134 faciant
1350 2072 1472 2121 Mihi
1497 2071 1809 2134 samuan’um,
1847 2079 1898 2117 ut
1920 2070 2107 2118 habitem
2135 2073 2186 2117 in
2207 2071 2338 2119 medio
2372 2073 2473 2122 Wo-

485 2154 603 2194 rum.v
665 2139 893 2186 Secundum
928 2155 1041 2186 omne
1076 2139 1184 2202 quod
1206 2142 1299 2202 Ego
1327 2136 1501 2193 monstro
1540 2138 1639 2192 tibi,
1667 2134 1858 2197 formam
1888 2135 2159 2192 Habitaculi,
2203 2137 2258 2184 ὅ
2277 2138 2471 2198 formam

486 2208 666 2252 omnium
687 2205 886 2266 vasorum
909 2206 1013 2266 ejus,
1048 2221 1100 2250 ac
1122 2207 1187 2250 ita
1198 2205 1391 2264 facietis.
1461 2202 1528 2249 Et
1548 2201 1712 2247 faciant
1734 2200 1858 2247 Mihi
1879 2200 2214 2257 Sanetuarium,
2247 2201 2469 2266 fignificat

485 2269 896 2333 repraesentativum
919 2270 1129 2323 Domini,
1165 2270 1224 2314 ita
1252 2268 1390 2315 coeli:
1439 2278 1492 2313 ut
1516 2265 1716 2313 habitem
1749 2266 1799 2311 in
1821 2265 1978 2312 medio
2003 2265 2208 2322 illorum,
2244 2267 2469 2330 fignificat

483 2337 591 2382 inde
622 2335 904 2399 praesentiam
925 2335 1117 2382 Domini
1152 2335 1197 2380 in
1222 2333 1422 2381 Ecclefia
1453 2331 1841 2395 repraesentativa:
1888 2330 2136 2379 secundum
2169 2347 2306 2380 omne
2338 2336 2470 2398 quod·
2528 2340 2531 2342 ’

481 2402 592 2465 Ego
628 2401 828 2448 monstro
856 2400 939 2447 tibi
971 2398 1165 2447 formam
1202 2397 1484 2462 Habitaculi,
1531 2397 1750 2460 fignificat
1784 2396 2197 2460 repraesentativum
2238 2401 2346 2446 coeli
2386 2401 2468 2449 ubi

481 2468 741 2514 Dominus:
798 2468 849 2513 δε
883 2465 1080 2513 formam
1124 2466 1334 2512 omnium
1380 2462 1588 2511 vasorum
1634 2461 1749 2526 ejus,
1794 2461 2014 2525 fignificat
2051 2464 2465 2526 repraesentativum

482 2534 692 2580 omnium
727 2531 978 2579 coelestium
1004 2533 1054 2578 &
1076 2531 1372 2595 spiritualium
1410 2543 1518 2593 quae
1550 2528 1606 2576 ab
1643 2527 1776 2591 Ipso:
1835 2543 1886 2575 ac
1918 2528 1979 2576 ita
2014 2526 2201 2587 faciet-is,
2243 2530 2481 2594 fignificat-

449 2616 451 2618 ·
480 2597 891 2663 repraesentativum
916 2609 1092 2645 certum
1128 2598 1176 2643 δε
1201 2598 1470 2659 genuinum.

544 2679 689 2729 9479.
725 2664 798 2711 Ut
831 2662 995 2711 faciant
1017 2663 1141 2710 Mihi
1164 2663 1491 2724 Sanciuarium,
1526 2660 1652 2724 quod
1674 2659 1896 2724 srgn'rficet
1928 2659 2340 2724 repraefentativum
2362 2664 2467 2712 Do·-

479 2731 609 2785 mini,
645 2731 708 2777 ita
744 2729 876 2785 coeli,
909 2727 1079 2777 constat
1116 2743 1173 2776 ex
1214 2727 1536 2791 fignificatione
1572 2725 1821 2782 sanctuarii,
1868 2727 1998 2790 quod
2042 2727 2096 2773 sit
2132 2727 2381 2786 Dominus,
2414 2731 2468 2778 &-

473 2796 603 2859 quod
626 2795 679 2842 fit
702 2795 895 2852 coelum,
934 2795 1008 2842 hic
1042 2806 1198 2842 autem
1230 2794 1643 2857 repraesentativum
1668 2793 1863 2840 Domini
1901 2793 1950 2840 &
1983 2792 2110 2849 coeli,
2149 2795 2365 2856 quoniam
2398 2807 2466 2843 ta·-

473 2861 767 2911 bernaculum
802 2859 906 2918 fuit,
958 2859 1128 2908 factum
1168 2875 1225 2907 ex
1276 2861 1431 2924 lignis,
1466 2860 1516 2906 &
1555 2858 1902 2906 circumtectum
1952 2859 2107 2906 aulaeis
2128 2881 2145 2914 ·,
2209 2861 2335 2923 quod
2370 2872 2466 2908 non

471 2926 771 2974 sanctuarium
812 2927 964 2990 potuit
997 2927 1080 2974 effe
1117 2926 1197 2973 nisi
1230 2942 1312 2990 per
1349 2925 1781 2989 raepresentationem
1802 2942 1817 2972 t
1877 2925 2192 2972 sanctuarium
2233 2926 2354 2973 enim
2396 2925 2464 2979 est

469 2991 618 3057 ipsum
644 2992 878 3049 sanetum,
913 2994 961 3040 &
985 2992 1096 3040 nihil
1120 2992 1318 3040 sanctum
1354 3007 1494 3055 quam
1520 2991 1667 3038 solum
1692 2990 1935 3047 Divinum,
1972 2990 2032 3037 ita
2069 2989 2461 3049 solusDominus,
2504 3008 2507 3010 ·

466 3074 497 3105 n
516 3078 527 3106 z
549 3075 692 3124 9229.
762 3059 907 3117 Quod
933 3058 1125 3106 Coelum
1163 3057 1215 3105 fit
1239 3058 1550 3105 Sanciuariurn
1582 3055 1648 3104 est
1670 3057 1778 3120 quia
1800 3056 1975 3103 coelum
1999 3055 2062 3103 est
2083 3056 2257 3103 coelum
2290 3071 2348 3102 ex
2370 3057 2459 3104 Di-

464 3125 573 3172 vino
597 3124 676 3182 ibi,
720 3138 826 3173 nam
866 3124 1014 3188 angeli
1046 3127 1127 3188 qui
1159 3124 1237 3180 ibi,
1278 3136 1506 3188 quantum
1543 3138 1602 3171 ex
1629 3122 1805 3170 Divino
1837 3122 2030 3171 Domini
2061 3120 2242 3179 habent,
2274 3133 2462 3171 tantum

459 3187 630 3240 faciunt
664 3191 862 3250 coelum,
901 3202 1128 3256 quantum
1171 3203 1323 3242 autem
1361 3206 1418 3239 ex
1452 3189 1515 3248 se,
1551 3200 1729 3241 tantum
1763 3204 1860 3238 non
1889 3187 2060 3258 faciunt
2094 3187 2304 3246 coelum3
2350 3188 2465 3236 inde

2331 3265 2460 3318 patet
