2840 3718
0 2847 7 2999 ‘1-7-<-7'
5 2772 15 2781 f

641 224 985 285 CAPUT
1030 222 1595 287 VIGESIMUM
1644 223 2137 308 QJINTUM.
2323 243 2399 302 13

413 382 419 386 -
470 351 616 413 9468.
651 350 716 399 Et
755 353 1019 407 coccineum
1050 349 1332 414 dibaphum,
1366 350 1492 413 quod
1532 350 1754 412 significet
1784 365 1985 395 amorem
2022 358 2254 401 mutuum,
2291 361 2399 391 con-

398 413 484 461 stat
504 432 562 462 ex
588 416 907 479 significatione
928 414 1121 471 coccinei
1148 418 1196 463 δε
1221 415 1420 478 dibaphi‚
1457 416 1584 478 quod
1616 416 1670 461 fit
1692 430 1851 462 verum
1876 414 2072 468 coeleste,
2111 413 2236 475 quod
2273 411 2393 457 idem

396 479 464 525 est
501 497 609 527 cum
643 482 765 544 bono
796 483 961 531 amoris
999 481 1174 528 mutui:
1220 481 1323 527 sunt
1357 481 1451 527 duo
1475 482 1652 542 Regna,
1691 482 1735 526 in
1769 495 1875 542 quae
1897 480 2088 526 Coelum
2114 477 2393 540 Angelicum

396 545 658 593 distinEtum
681 546 761 602 est,
799 548 1015 608 Regnum
1049 546 1229 593 coeleste
1262 548 1312 592 &
1352 547 1570 607 Regnum
1607 545 1859 607 spirituale;
1906 547 1954 590 in
1987 557 2182 606 utroque
2220 542 2284 588 est
2323 543 2390 587 in-

394 621 574 664 ternum
598 613 647 657 &
670 623 926 666 externum,
962 612 1188 657 internum
1221 612 1267 656 in
1291 611 1461 673 Regno
1497 610 1671 656 coelesti
1705 610 1768 656 est
1808 609 1981 655 bonum
2016 610 2180 656 amoris
2220 609 2266 653 in
2289 608 2388 652 Do-

394 676 592 732 minum,
629 677 681 730 &
703 688 937 729 externum
959 675 1040 728 -est
1077 676 1252 722 bonum
1283 677 1447 722 amoris
1480 677 1664 730 mutui;
1713 675 1800 722 hoc
1834 673 2007 721 bonum
2045 673 2107 720 est
2144 672 2271 736 quod
2309 687 2390 733 per

391 740 659 797 coccineum
683 741 933 802 dibaphum
959 740 1266 803 significatum
1315 757 1396 803 per
1418 742 1682 798 coccineum
1708 739 1854 803 ipsum
1882 739 2053 785 bonum
2078 740 2126 784 &
2156 754 2237 800 per
2260 738 2389 784 diba-

390 803 537 866 phum
562 820 721 852 verum
757 805 882 869 ejus:
927 808 974 852 in
998 809 1164 868 Regno
1196 818 1346 852 autem
1369 805 1583 867 spirituali
1606 807 1832 852 internum
1859 803 1921 850 est
1955 804 2129 859 bonum
2163 803 2387 849 charitatis

390 885 499 932 erga
534 873 832 932 proximum,
862 872 912 918 δε
942 874 1180 917 externum
1218 871 1283 916 est
1319 869 1493 916 bonum
1528 869 1796 917 obedientiae
1829 885 1886 916 ex
1920 869 2024 916 fide.
2095 868 2239 929 Qod
2281 882 2386 914 coc-

392 936 573 981 cineum
598 936 848 998 dibaphum
873 936 926 982 fit
950 935 1123 981 bonum
1149 936 1314 981 amoris
1337 937 1487 982 mutui
1520 936 1570 981 δε
1600 933 1698 996 ejus
1722 950 1900 990 verum,
1946 934 2008 980 est
2043 949 2099 980 ex
2132 933 2386 995 apparentia

389 997 485 1062 ejus
521 1001 570 1046 in
607 1001 740 1047 altera
779 1001 905 1055 vita;
949 1015 1056 1047 cum
1087 1001 1223 1046 enim·
1244 1000 1414 1062 sphaera
1442 1000 1560 1046 illius
1599 999 1706 1046 boni
1741 1004 1786 1047 &
1814 1001 1910 1045 veri
1935 999 2097 1046 sistitur
2119 998 2303 1044 vifibilis
2340 998 2386 1043 in

389 1063 714 1122 coeloinfimo,
748 1076 858 1121 tunc
891 1078 1070 1128 apparet
1094 1065 1168 1111 illa
1196 1066 1352 1113 colore
1374 1067 1619 1120 coccineo;
1661 1081 1765 1111 nam
1802 1064 1929 1127 quod
1967 1081 2022 1111 ex
2055 1063 2228 1110 coelesti
2262 1062 2385 1109 coelo

388 1129 565 1185 defluit,
598 1131 650 1177 &
683 1143 866 1192 apparet
888 1129 1033 1187 infra,
1067 1130 1155 1177 hoc
1190 1131 1324 1177 trahit
1363 1130 1564 1178 colorem
1596 1146 1653 1177 ex
1690 1131 1918 1185 flammeo,
1958 1130 2007 1177 &
2044 1127 2156 1176 infra
2194 1129 2248 1175 fit
2282 1142 2384 1174 coc-

388 1196 570 1241 cineum
603 1211 661 1240 ex
683 1196 873 1244 candore
894 1195 1007 1242 lucis
1031 1195 1138 1243 coeli
1179 1197 1317 1243 medii
1353 1196 1479 1259 quod
1521 1196 1688 1251 transit,
1725 1195 1831 1241 inde
1868 1194 1948 1250 est,
1994 1195 2121 1258 quod
2156 1193 2386 1255 dibaphum

387 1262 617 1307 coccineum
636 1262 750 1307 inter
769 1261 877 1308 alios
900 1262 1074 1308 colores
1102 1261 1357 1308 adhibitum
1390 1261 1525 1308 fuerit
1561 1260 1863 1324 superaulaeis
1886 1260 2166 1315 Habitaculi‚
2211 1259 2380 1306 Exod:

389 1341 538 1372 xxvr:
568 1339 619 1372 r:
661 1331 696 1352 ‘⁶
720 1325 848 1388 super
882 1327 985 1373 velo
1019 1339 1120 1373 ante
1155 1328 1355 1382 arcam?
1390 1326 1527 1374 Exod
1548 1344 1559 1373 ε
1581 1342 1695 1373 xxvr
1719 1344 1728 1374 :
1752 1342 1807 1388 3¹
1833 1343 1844 1373 ι
1889 1330 1922 1352 “
1948 1325 2077 1389 super
2115 1335 2384 1388 tegumento

387 1405 475 1452 pro
496 1389 610 1439 ostio
631 1391 889 1448 Tentorii,”
930 1392 1224 1438 Exodzxxvi
1246 1410 1256 1439 :
1280 1396 1371 1455 36:
1415 1397 1452 1419 “
1471 1391 1600 1455 super
1632 1402 1900 1454 tegumento
1939 1391 1995 1438 ad
2019 1403 2196 1454 portam
2234 1390 2384 1444 atrii‚”

368 1455 755 1512 ,Exochxxvnz
785 1459 868 1504 16:
907 1462 942 1483 “
966 1457 1096 1520 super
1128 1458 1360 1520 ephodo,’'
1406 1457 1764 1505 Exodzxxvm
1785 1475 1796 1503 :
1818 1455 1874 1503 6:
1925 1461 1959 1483 ‘⁶
1983 1455 2113 1519 super
2152 1455 2382 1510 baltheo,''

386 1520 526 1568 Exod
545 1539 556 1568 :
577 1536 738 1567 xxvm
759 1539 770 1569 ε
792 1525 818 1568 8
840 1540 853 1569 ;
898 1527 932 1550 “
955 1522 1084 1586 super
1119 1524 1330 1586 peclorali
1357 1520 1583 1586 judicii,’'
1623 1522 1797 1569 Exod:
1823 1536 1989 1568 xxvm
2014 1540 2023 1568 :
2049 1537 2106 1583 15
2129 1543 2142 1574 ;
2195 1527 2228 1547 “
2252 1520 2383 1582 super

371 1578 579 1637 ,fimbriis
610 1586 734 1649 pallii
769 1587 988 1650 ephodi,”
1021 1589 1158 1636 Exod
1179 1606 1189 1636 :
1209 1604 1371 1635 xxvm
1393 1607 1404 1636 ε
1423 1605 1499 1652 33.
1559 1587 1704 1645 Quod
1729 1589 1993 1634 coccineum
2018 1586 2266 1649 dibaphum
2292 1587 2381 1647 fig—

385 1651 736 1699 nificetbonum
761 1655 926 1701 amoris
949 1656 1115 1711 mutui,
1150 1653 1276 1717 quod
1308 1653 1371 1701 est
1410 1653 1583 1701 bonurn
1614 1666 1855 1700 externum
1882 1653 2034 1715 Regni
2067 1651 2140 1699 seu
2163 1650 2381 1699 Ecclefiae

385 1716 597 1773 coelestis,
634 1730 756 1780 patet
778 1734 835 1766 ex
855 1736 927 1776 eo,
969 1720 1096 1782 quod
1134 1735 1310 1783 pannus
1348 1720 1545 1771 coccinei
1589 1719 1774 1782 dibaphi
1817 1719 2140 1781 expanderetur
2194 1722 2227 1744 “
2251 1716 2382 1778 super

382 1780 549 1839 mensa,
598 1783 677 1829 ubi
721 1799 859 1846 panes
905 1784 1138 1842 facierum,
1190 1787 1239 1832 &
1280 1786 1385 1832 dein
1428 1786 1675 1848 operiretur
1719 1796 1987 1847 tegumento
2026 1783 2153 1847 pellis
2199 1781 2379 1837 melis,'’

303 1896 306 1897 γ
382 1847 547 1895 Num:
580 1864 634 1894 1v
654 1853 720 1897 :.8
739 1871 755 1904 3
791 1851 952 1898 intima
982 1853 1122 1907 enim,
1157 1866 1263 1913 quae
1287 1852 1439 1913 Regni
1476 1850 1550 1908 seu
1574 1850 1790 1897 Ecclefiae
1823 1849 2033 1905 coelestis,
2068 1847 2379 1911 significaban-

372 1923 460 1959 vtur
490 1928 572 1975 per
595 1913 667 1961 illa
690 1930 796 1977 quae
819 1915 947 1979 super
970 1915 1135 1972 mensa,
1172 1917 1402 1979 praecipue
1424 1932 1506 1980 per
1538 1931 1707 1978 panes·,
1742 1917 1961 1963 exteriora
1998 1926 2148 1962 autem
2191 1929 2271 1976 per
2306 1912 2380 1958 illa

382 1993 490 2038 quae
511 1979 757 2039 tegebant·,
793 1981 899 2028 inde
930 1997 1115 2044 quoque
1135 1982 1218 2038 est,
1252 1983 1380 2044 quod
1418 1984 1465 2028 in
1505 1982 1584 2028 tali
1625 1983 1784 2028 ordine
1818 1979 2121 2028 recenseantur
2160 1980 2236 2025 illa
2271 1994 2377 2041 quae

385 2041 720 2105 colligerentur,
756 2060 921 2107 nempe
955 2047 1117 2092 intima
1151 2048 1373 2108 primum,
1408 2063 1515 2110 quae
1546 2060 1669 2094 erant
1703 2036 2041 2108 hyacinthinum
2067 2047 2116 2092 δε
2139 2059 2373 2107 purpura;

381 2112 598 2155 exteriora
620 2107 830 2164 secundo,
865 2125 973 2171 quae
1008 2122 1132 2156 erant
1172 2114 1439 2158 coccineum
1477 2113 1746 2173 dibaphum,
1781 2112 1926 2158 linum
1955 2111 2179 2172 byssinum
2204 2109 2376 2155 &lana

381 2187 633 2234 caprarum,
668 2174 718 2220 &
750 2173 931 2236 prorsus
970 2185 1154 2222 externa
1190 2176 1371 2231 ultimo,
1406 2192 1512 2238 quae
1535 2190 1669 2223 erant·
1682 2177 1820 2239 pelles
1841 2178 2029 2222 arietum
2060 2176 2299 2222 rubrorum
2325 2176 2375 2220 δε

381 2238 517 2300 pelles
551 2238 772 2297 melium3
806 2239 1008 2286 similiter
1031 2241 1076 2285 in
1101 2239 1383 2302 sequentibus
1417 2241 1580 2291 ubivis
1653 2242 1888 2300 Quoniam
1925 2241 2100 2286 bonurn
2135 2253 2372 2286 externum

383 2303 562 2350 coeleste
591 2305 641 2350 δι
678 2301 774 2366 ejus
809 2320 1086 2367 verumper
1120 2307 1384 2352 coccineum
1425 2306 1674 2368 dibaphum
1712 2306 2002 2368 significatur,
2039 2307 2142 2353 ideo
2164 2305 2370 2351 Verbum

381 2369 534 2431 quoad
557 2367 729 2416 sensum
755 2383 991 2417 externum
1015 2371 1064 2418 &
1086 2370 1191 2417 inde
1211 2370 1456 2418 doitrinale
1477 2387 1559 2434 per
1581 2372 1628 2418 id
1652 2372 1920 2433 exprimitur
1940 2393 1955 2426 ·,
1991 2370 2117 2417 causa
2151 2371 2229 2425 est,
2266 2372 2370 2431 quia

381 2433 586 2482 Verbum
624 2434 687 2481 est
717 2434 944 2482 Divinum
967 2435 1144 2483 Verum
1184 2436 1430 2499 procedens
1467 2453 1493 2483 a
1517 2438 1689 2483 Divino
1712 2438 1842 2483 Bono
1864 2437 2093 2491 Domini·5
2124 2438 2172 2483 δι
2210 2436 2256 2481 id
2290 2451 2367 2497 ap-

379 2511 504 2561 paret
525 2511 579 2546 ut
600 2499 712 2546 Lux
736 2501 942 2548 flammea
964 2502 1010 2547 in
1034 2502 1198 2548 intimo
1221 2502 1359 2557 coelo,
1396 2504 1446 2548 &
1468 2515 1522 2548 ut
1544 2502 1655 2549 Lux
1684 2502 1874 2548 candida
1910 2504 1969 2554 in,
1990 2503 2141 2548 medio
2161 2519 2171 2548 :
2209 2503 2268 2547 ita
2291 2516 2370 2547 ex·

378 2566 593 2626 primitur
614 2565 821 2617 Verbum
861 2567 911 2614 &
947 2566 1206 2613 Doctrinale
1246 2583 1302 2613 ex
1325 2567 1492 2613 Verbo>
1520 2569 1565 2614 in
1599 2567 1745 2621 Libro
1788 2584 1811 2614 2
1839 2568 2074 2622 Samuelis,
2112 2573 2145 2593 “
2170 2568 2368 2613 Lamen-

378 2642 495 2676 tatus
518 2629 581 2676 est
601 2631 754 2677 David
781 2632 1143 2678 lamentationem
1181 2632 1310 2694 super
1332 2632 1519 2679 Schaule
1543 2635 1592 2679 δε
1624 2631 1753 2694 super
1777 2632 2043 2691 Jonathane‚
2080 2633 2129 2678 δε
2155 2631 2368 2694 inscripsit

378 2695 434 2741 ad
460 2695 719 2742 docendum
744 2696 861 2742 filios
885 2697 1080 2757 Jehudae
1103 2713 1258 2743 arcum
1278 2716 1288 2744 :
1327 2697 1434 2744 filiae
1457 2697 1621 2744 Israelis
1644 2697 1771 2759 super
1795 2698 1981 2744 Schaule
2006 2698 2121 2754 flete,
2158 2701 2229 2760 qui
2262 2701 2368 2744 czmi-

379 2762 491 2806 civit
511 2776 588 2806 vos
619 2761 800 2822 dibapho
837 2778 943 2809 cum
983 2762 1212 2818 delitiofis,
1248 2764 1328 2824 qui
1352 2763 1567 2825 imposuit
1590 2776 1798 2810 ornatum
1825 2766 1917 2810 auri
1943 2763 2070 2825 super
2095 2766 2263 2810 vestem
2290 2779 2363 2808 ve-

381 2825 566 2879 stramss’
608 2835 766 2889 12'17.
794 2832 868 2875 18.
896 2844 993 2887 243
1040 2829 1220 2874 amicire
1259 2828 1457 2890 dibapho
1495 2845 1580 2891 pro
1619 2828 1829 2874 instruere
1865 2829 1922 2874 de
1963 2830 2078 2874 veris
2118 2845 2223 2892 quae
2261 2829 2368 2874 boni

379 2891 543 2938 amoris
570 2893 732 2946 mutui,
769 2894 829 2938 ita
850 2893 907 2939 de
931 2894 1046 2940 veris
1077 2909 1133 2939 ex
1163 2894 1337 2954 origine
1369 2893 1572 2948 coelesti3
1609 2894 1756 2956 agitur
1796 2896 1843 2940 in
1882 2894 2152 2957 Prophetico
2192 2895 2271 2941 illo
2312 2897 2368 2941 de

376 2956 581 3001 'doftrina
605 2955 710 3002 fidei
733 2956 928 3019 separata
949 2974 974 3004 a
995 2958 1197 3004 doctrina
1229 2960 1394 3004 amoris
1418 2962 1466 3007 ὅτ
1491 2960 1709 3005 charitatis
1732 2980 1744 3012 3
1782 2975 1946 3021 nempe
1984 2960 2108 3021 quod
2149 2976 2253 3007 vera
2290 2977 2369 3022 per

381 3020 501 3067 illam
540 3020 780 3081 separatam
814 3022 1167 3085 exstinguantur,
1202 3035 1247 3068 at
1269 3024 1395 3085 quod
1419 3040 1500 3086 per
1524 3025 1633 3070 hanc
1658 3024 1727 3070 seu
1754 3040 1832 3087 per
1854 3025 2105 3071 doetrinam
2130 3028 2292 3072 amoris
2317 3029 2366 3073 δε

380 3086 601 3132 charitatis
638 3086 965 3142 restaurentur·,
1001 3104 1079 3151 per
1112 3088 1395 3136 Philisthaeos
1434 3090 1573 3144 enim,
1610 3106 1633 3135 a
1655 3090 1819 3151 quibus
1843 3090 1974 3136 occifi
2000 3088 2178 3136 fuerunt
2204 3093 2365 3138 Schaul

378 3151 427 3198 &
451 3151 693 3212 Jonathan,
729 3151 1034 3216 significantur
1072 3153 1135 3200 illi
1170 3155 1250 3217 qui
1284 3156 1328 3202 in
1363 3155 1567 3203 doctrina
1589 3155 1695 3202 fidei
1720 3155 1911 3217 separata
1932 3172 1956 3202 a
1980 3156 2180 3203 doctrina
2203 3161 2367 3204 amoris

2320 3225 2368 3269 fx:-
