2840 3718
473 261 621 325 2400
1062 237 1298 305 EX
1381 236 1441 302 U
1511 237 1628 303 D
1700 238 1771 304 U
1810 233 1922 306 TssS.

471 363 606 410 mino
629 362 678 411 &
702 378 793 410 non
828 377 852 408 a
875 358 1038 407 semet:
1080 358 1185 406 inde
1207 369 1346 422 patet,
1381 358 1509 422 quod
1542 375 1638 423 quo
1675 358 1777 422 plus
1812 358 1953 408 homo
1986 357 2067 407 fibi
2101 359 2212 410 fidet
2248 363 2295 412 δι
2324 365 2486 424 credit,

469 429 542 475 zita
563 445 656 492 quo
680 428 780 492 plus
814 426 877 473 est
912 427 957 472 in
988 441 1140 473 amore
1175 424 1264 482 sui,
1295 441 1352 472 eo
1392 427 1542 472 minus
1577 427 1625 473 in
1664 426 1788 474 bono
1824 427 2092 475 innocentiae
2127 428 2210 484 [ης
2264 430 2368 478 inde
2401 432 2482 490 est,

471 495 606 557 ¹quod
632 495 772 541 homo
807 509 832 539 a
855 492 982 539 malis
1005 492 1243 555 purificari,
1271 504 1477 554 nequeat,
1513 492 1592 539 nifi
1633 492 1686 539 fit
1719 493 1765 539 in
1803 492 1926 541 bono
1964 494 2268 551 innocentiae3
2314 512 2417 544 nam
2453 499 2487 546 fi

482 577 572 607 non
598 561 642 606 in
669 559 748 606 illo
773 559 896 606 bono
918 557 997 614 est,
1034 574 1126 606 non
1150 558 1332 605 ducitur
1366 574 1390 604 a
1412 559 1636 615 Domino,
1678 557 1750 605 sed
1777 575 1802 606 a
1823 558 1995 615 semet3
2046 561 2094 607 δε
2132 562 2212 624 qui
2246 562 2427 610 duc-itur
2460 579 2486 612 a

477 625 640 682 semet,
673 625 856 671 ducitur
879 625 935 672 ab
957 622 1148 681 inferno,
1185 624 1421 688 proprium
1448 625 1568 672 enim
1592 625 1787 672 hominis
1820 626 1912 673 n0n
1936 625 2000 673 est
2023 627 2104 674 nifi
2125 643 2264 692 quam
2290 626 2484 687 malum,

473 692 530 737 δε
556 707 691 738 omne
718 691 890 738 malum
919 690 981 737 est
1017 689 1193 738 inferni.
1265 690 1412 745 Quod
1436 692 1585 738 omnis
1609 692 1806 755 expiatio
1829 690 1942 739 fasta
1963 691 2105 751 fuerit
2120 709 2199 757 per
2223 693 2485 758 sanguinem

482 757 555 803 vel
580 758 792 817 Juvenei,
828 756 901 804 vel
936 758 1083 819 Agni,
1119 756 1192 802 vel
1230 757 1492 804 Turturum
1532 756 1605 804 seu
1646 757 1879 820 pullorum
1922 758 2256 817 columbarum,
2310 761 2486 809 constat

481 824 603 885 apud
630 822 868 880 Moschen,
910 822 1255 871 Exodzxxnc:
1280 821 1356 885 36.
1397 823 1666 870 Levitz1v:
1696 839 1713 868 1
1753 823 1811 870 ad
1849 838 1890 886 7.
1923 839 1977 887 13
2012 823 2068 871 ad
2099 829 2172 874 18.
2211 841 2272 889 27
2307 827 2364 873 ad
2382 823 2482 876 fin:

483 891 692 952 Capzv:
721 905 738 935 1
769 889 823 935 ad
852 904 896 953 7.
934 888 1181 951 Capzxv:
1209 906 1281 948 14.
1311 904 1386 947 24.
1410 893 1467 937 28
1495 888 1550 935 ad
1579 906 1655 953 31.
1692 889 2024 952 Num:v1:9.
2057 906 2129 938 10.
2162 906 2250 947 113
2287 906 2368 956 per
2391 905 2485 941 tur-

483 967 603 1002 tures
628 957 675 1002 ὅτ
699 970 779 1018 per
801 955 950 1018 pullos
973 954 1289 1002 columbarum
1315 956 1448 1001 etiam
1473 954 1746 1017 significatur
1769 954 1942 1002 bonum
1967 955 2250 1005 innocentiae.

558 1037 748 1077 10‚211.
787 1021 935 1068 Semel
973 1022 1019 1068 in
1059 1037 1177 1068 anno
1214 1020 1412 1083 expiabit
1454 1021 1584 1084 super
1624 1021 1718 1077 illo,
1766 1021 1892 1083 quod
1929 1021 2149 1085 significet
2183 1026 2484 1075 remotionem

478 1087 712 1134 malorum
747 1101 1029 1150 perpetuam,
1063 1087 1234 1134 constat
1263 1102 1320 1133 ex
1354 1086 1676 1150 fignificatione
1709 1086 1926 1135 semellia
1958 1087 2092 1144 anno,
2128 1091 2256 1152 quod
2282 1092 2348 1138 'fit
2381 1108 2484 1157 per-

478 1166 693 1215 petuum,
726 1154 782 1199 de
805 1170 892 1216 qua
916 1153 1044 1216 supra
1081 1169 1140 1200 n:
1167 1169 1338 1215 10,203
1362 1175 1375 1207 ;
1411 1154 1462 1200 &
1486 1169 1542 1200 ex
1565 1152 1886 1216 significatione
1925 1155 2118 1216 expiare,
2152 1156 2364 1219 quod-fit
2396 1168 2482 1221 pu2

484 1220 675 1266 rificatio
709 1235 733 1266 a
757 1219 885 1266 malis
919 1220 967 1266 δι
993 1218 1097 1264 inde
1118 1216 1250 1274 fallis,
1293 1219 1349 1265 de
1380 1234 1471 1278 qua
1508 1235 1537 1264 n
1558 1237 1568 1266 :
1590 1222 1720 1282 9506
1739 1241 1756 1273 ;
1804 1220 1853 1266 δε
1884 1220 2140 1282 purificatio
2169 1237 2194 1267 a
2229 1224 2356 1271 malis
2390 1240 2483 1272 non

478 1285 548 1331 est
595 1286 674 1332 nifi
713 1301 850 1349 quam
888 1284 1090 1332 detentio
1127 1284 1182 1330 ab
1215 1284 1319 1341 illis,
1372 1282 1447 1332 seu
1494 1286 1688 1333 remotio
1724 1283 1926 1341 illorum,
1972 1285 2210 1334 videantur
2246 1290 2377 1337 citata
2419 1308 2448 1338 n
2467 1309 2482 1339 t

490 1367 601 1408 10,o
693 1352 788 1399 fin:
2041 1374 2047 1380 ·
2333 1383 2335 1386 <

559 1367 748 1475 10312.
785 1418 838 1465 In
861 1418 1167 1480 generationes
1188 1417 1369 1473 vestras,
1403 1416 1531 1480 quod
1553 1415 1774 1479 significet
1804 1417 1885 1480 qui
1918 1416 1973 1464 ab
1993 1417 2195 1466 Ecclesia
2228 1419 2272 1467 in
2298 1420 2411 1469 veris
2436 1423 2485 1469 &

485 1483 614 1531 bonis
639 1484 762 1540 fidei,
799 1483 967 1531 constat
991 1500 1049 1531 ex
1072 1483 1392 1547 fignificatione
1414 1486 1772 1546 generationum,
1807 1482 1932 1545 quod
1956 1483 2042 1531 fint
2063 1485 2137 1532 illa
2165 1502 2271 1549 quae
2295 1487 2398 1534 fidei
2434 1489 2484 1536 δι

479 1550 725 1607 charitatis,
762 1550 934 1613 dequa
966 1551 1011 1597 in
1047 1550 1195 1597 >citatis
1235 1567 1295 1599 n:
1321 1566 1529 1614 10,194;
1567 1548 1694 1612 quod
1726 1547 1810 1595 s1nt
1843 1548 1907 1594 illi
1946 1550 2027 1612 qui
2059 1551 2116 1597 ab
2138 1552 2372 1609 Ecclesia,
2421 1555 2486 1600 est

479 1618 592 1679 ⁴quia
625 1617 817 1679 genuina
835 1631 941 1663 vera
961 1616 1010 1663 δε
1035 1614 1154 1662 bona
1175 1615 1282 1663 fidei
1315 1616 1365 1663 δε
1387 1617 1553 1663 amoris
1576 1616 1738 1661 dantur
1759 1613 1905 1661 solum
1930 1615 2051 1678 apud
2072 1616 2187 1673 illos,
2224 1634 2328 1665 nam
2362 1621 2485 1682 apud

480 1682 587 1729 -illos
610 1681 674 1728 est
696 1682 902 1737 Verbum
923 1703 936 1736 ;
977 1682 1026 1728 δε
1050 1697 1131 1744 per
1154 1681 1271 1728 filios
1292 1681 1473 1738 Israelis,
1508 1695 1704 1745 quorum
1729 1680 2038 1743 generationes.
2054 1681 2128 1729 hic
2152 1683 2481 1747 intelliguntur,

480 1747 759 1811 -fignificatur
783 1747 995 1804 Ecclesia,
1030 1749 1164 1796 citata
1191 1763 1228 1795 -n
1248 1766 1260 1796 :
1280 1765 1425 1814 9340.

560 1831 750 1877 10‚213.
787 1814 1002 1862 SanCtum
1030 1813 1288 1862 sancitorum
1312 1817 1398 1862 hoc
1422 1813 1631 1875 Jehovae,
1665 1811 1791 1876 quod
1815 1811 2036 1875 fignificet
2067 1815 2286 1877 quoniam
2319 1831 2378 1863 ex
2400 1816 2486 1863 Di-

482 1882 599 1927 ·vino
632 1879 821 1937 coelesti,
862 1879 1033 1927 constat
1068 1895 1125 1928 ex
1164 1880 1486 1944 significatione
1520 1879 1655 1926 saneti
1685 1878 1956 1935 sanetorum,
1995 1880 2123 1943 quod
2162 1879 2217 1927 fit
2254 1882 2484 1930 Divinum

483 1945 685 2002 coeleste,
722 1947 780 1993 de
798 1962 887 2010 qua
918 1963 979 1994 n:
1003 1962 1176 2011 10‚129
1197 1968 1212 2002 3
1247 1947 1360 2010 quid
1382 1947 1610 1995 Divinum
1633 1943 1828 2000 coeleste,
1853 1945 1902 1992 &
1921 1945 2148 1994 Divinum
2171 1945 2409 2011 spirituale,
2434 1950 2486 1997 δε

485 2027 596 2075 ,quae
619 2012 888 2068 differentia,
910 2012 1152 2060 videantur
1174 2014 1306 2060 citata
1339 2028 1370 2059 n
1390 2031 1400 2060 :
1423 2028 1566 2076 9277·
1594 2013 1737 2076 9596.
2246 2041 2253 2047 ·

564 2095 755 2140 10,214.
789 2078 926 2126 Vers:
954 2094 1004 2127 11
1045 2079 1101 2125 ad
1148 2080 1219 2126 16.
1273 2081 1338 2127 Et
1375 2079 1570 2143 loquutus
1607 2078 1661 2135 cst
1694 2079 1897 2139 Jehovah
1942 2079 2003 2127 ad
2037 2080 2259 2139 Moschen,
2298 2080 2484 2136 dicendo,

481 2146 593 2192 -Cum
615 2145 834 2208 sustuleris
852 2146 1062 2206 summam
1083 2143 1275 2204 filiorum
1299 2146 1471 2208 Ifi‘aelis
1492 2144 1631 2209 quoad
1650 2157 1889 2194 numeratos
1911 2144 2094 2203 illorum,
2115 2145 2171 2194 ὃ
2193 2146 2355 2194 dabunt
2375 2147 2488 2210 quis-

487 2227 566 2274 que
598 2209 872 2272 expiationem
906 2214 1058 2258 animae
1080 2215 1174 2272 suae
1196 2212 1379 2273 Jehovae
1400 2215 1446 2258 in
1475 2212 1727 2259 numerando
1751 2213 1859 2269 illos,
1884 2212 1939 2261 δέ
1963 2228 2046 2259 non
2065 2213 2132 2270 fit
2164 2214 2211 2258 in
2233 2212 2320 2258 illis
2348 2212 2487 2274 plaga

490 2280 538 2322 in
570 2277 822 2323 numerando
844 2277 951 2324 illos.
1020 2278 1114 2336 Hoc
1144 2276 1306 2325 dabunt
1329 2279 1459 2324 omnis
1479 2277 1682 2335 transiens
1704 2278 1835 2339 super
1858 2287 2111 2332 numeratos,
2151 2276 2367 2324 dimidium
2385 2277 2487 2336 ficti

488 2345 537 2389 -in
553 2341 659 2399 stclo
683 2344 951 2404 sanititatis,
992 2343 1152 2403 viginti
1187 2342 1293 2389 oboli
1310 2342 1460 2401 stclus,
1494 2342 1712 2389 dimidium
1726 2343 1827 2402 sicli
1848 2342 2040 2405 sublatio
2062 2339 2269 2405 ‘Jehovae.
2338 2344 2487 2391 Omnis

486 2407 694 2466 transiens
721 2410 852 2472 super
885 2418 1124 2455 numeratos
1156 2425 1184 2455 a
1206 2407 1304 2466 filio
1338 2409 1500 2471 viginti
1537 2423 1739 2455 annorum
1775 2407 1830 2457 &
1858 2409 2013 2471 supra,
2055 2408 2177 2455 dabit
2204 2408 2487 2471 sublationem

491 2474 686 2536 Jehovae.
751 2476 893 2522 Dives
924 2489 1005 2521 non
1026 2474 1149 2521 dabit
1175 2474 1290 2535 plus,
1325 2475 1381 2523 fs?
1395 2485 1564 2535 pauper
1593 2474 1814 2534 nondabit
1836 2476 1988 2530 minus,
2023 2489 2071 2520 ex
2104 2474 2274 2521 dimidio
2297 2473 2398 2533 sicli
2430 2476 2492 2523 ad

488 2540 674 2588 dandum
701 2540 982 2601 sublationem
1002 2540 1201 2604 Jehovae,
1233 2540 1295 2587 ad
1314 2541 1563 2602 expiandum
1585 2541 1718 2602 super
1744 2540 1963 2587 animabus
1995 2538 2159 2598 vestris.
2227 2541 2290 2588 Et
2313 2542 2488 2603 accipies

494 2616 714 2667 argentum
755 2608 1039 2668 expiationum
1071 2624 1100 2653 a
1122 2623 1214 2653 cum
1235 2605 1346 2665 filiis
1370 2603 1555 2668 Israelis,
1595 2606 1650 2654 &
1677 2605 1798 2653 dabis
1830 2606 1938 2653 illud
1967 2606 2028 2653 ad
2053 2617 2154 2667 opus
2174 2606 2366 2654 Tentoria·
2393 2623 2487 2655 con-

494 2681 662 2727 ventus,
702 2672 758 2717 &1⁹
791 2674 875 2719 erit
897 2672 1006 2729 filiis
1033 2672 1201 2734 Israelis
1239 2673 1299 2719 ad
1327 2672 1652 2719 recordationem
1691 2687 1830 2719 coram
1867 2672 2087 2734 Jehovah,
2136 2672 2196 2720 ad
2237 2673 2486 2735 expiandum

484 2739 616 2800 super
637 2737 857 2784 animabus
889 2737 1050 2795 vestris.
1119 2737 1184 2783 Et
1224 2737 1438 2797 loquutus
1471 2736 1535 2783 est
1558 2737 1761 2796 Jehovah
1795 2738 1850 2784 ad
1873 2737 2114 2794 Moschen,
2155 2738 2364 2796 dicendo,
2401 2739 2488 2803 fig·

497 2803 650 2849 nificat
672 2801 1007 2849 illustrationem
1034 2817 1112 2864 per
1130 2801 1332 2848 Verbum
1369 2819 1394 2849 a
1416 2803 1649 2849 Domino:
1697 2818 1805 2849 cum
1842 2802 2062 2853 sustuleris
2103 2802 2327 2852 summam
2368 2804 2488 2851 filio·

492 2884 599 2915 rum
626 2867 805 2924 Israelis,
846 2868 1067 2931 significat
1085 2869 1243 2915 omnia
1277 2868 1521 2915 Ecclefiae:
1573 2868 1723 2931 quoad
1748 2882 2005 2918 numeratos
2029 2869 2229 2927 illorum,
2269 2869 2487 2933 fignificat

495 2935 645 2998 quoad
670 2934 997 2981 ordinationem
1028 2935 1080 2981 ὅτ
1104 2933 1436 2997 dispositionem
1459 2953 1470 2983 :
1511 2935 1562 2982 &
1586 2934 1757 2983 dabunt
1778 2935 1966 3000 quisque
1987 2937 2286 3000 expiationem
2321 2936 2485 2982 animae

494 3002 585 3048 suae
617 3002 660 3047 in
690 3001 971 3048 numerando
993 3000 1109 3057 illos,
1152 3000 1371 3062 fignificat
1395 3001 1754 3063 purificationem
1780 3001 1852 3050 seu
1879 3002 2183 3050 liberationem
2204 3018 2228 3048 a
2252 3001 2371 3048 malo
2403 3017 2486 3065 per

497 3069 776 3129 agnitionem
796 3068 846 3115 ὅτ
869 3066 1007 3113 fidem
1035 3066 1161 3129 quod
1185 3068 1336 3114 omnia
1360 3067 1475 3115 bona
1512 3070 1559 3116 &
1583 3084 1688 3116 vera
1711 3067 1817 3114 fidei
1851 3069 1900 3115 ὅτ
1924 3069 2104 3124 amoriS‚
2142 3069 2192 3115 ὅτ
2214 3082 2373 3114 eorum
2393 3085 2483 3117 ,or-

497 3133 669 3179 dinatio
703 3135 751 3180 &
776 3132 1002 3195 dispositio
1025 3132 1110 3179 sint
1132 3149 1157 3179 a
1179 3133 1400 3189 Domino,
1442 3134 1491 3181 δε
1514 3134 1623 3181 nihil
1657 3134 1712 3181 ab
1752 3134 1966 3182 homine:
2014 3134 2064 3181 &
2097 3148 2189 3180 non
2222 3132 2276 3180 s1t
2315 3134 2360 3180 in
2399 3134 2485 3184 illis

481 3200 623 3274 plaga
646 3201 691 3247 in
717 3199 998 3247 numerando
1032 3199 1147 3256 illos,
1191 3198 1411 3262 fignificat
1434 3216 1489 3248 ne
1513 3200 1566 3249 fit
1588 3215 1726 3265 poena
1748 3200 1857 3249 mali
1880 3201 1926 3251 in
1948 3197 2155 3249 faciendo
2178 3198 2294 3248 bona
2317 3199 2428 3249 ficut
2461 3218 2486 3249 a

2315 3266 2483 3316 semet:
