2840 3718
353 229 589 328 *17⁶
834 225 1873 297 ·EXoo-U-S

455 354 642 414 fiiumss'
681 368 1115 418 *xxx11-1:2o.23·,
1159 355 1279 403 clavi
1315 356 1365 403 δε
1406 353 1536 404 funes
1576 371 1660 419 pro
1699 354 2081 419 conjungentibus
2119 374 2223 408 veta
2262 358 2310 409 &
2347 358 2469 412 bona

461 423 586 479 coeli,
612 439 725 470 nam
743 422 1051 470 habitaculum
1077 423 1126 470 δε
1150 423 1413 479 tentorium,
1450 422 1507 468 de
1529 423 1694 485 quibus
1734 423 1807 470 hic
1839 424 2166 486 praedicantur
2175 424 2320 483 funes,
2365 422 2467 475 sunt

449 489 654 545 -coelum,
683 505 752 536 n:
773 505 917 564 9457.
945 492 1089 552 9481.
1127 492 1271 552 9485.
1306 488 1447 553 9615.
1484 492 1628 551 9784.
1698 489 1843 551 Apud
1883 490 2115 547 Eundem,
2158 493 2468 555 “Amplifica

460 554 617 601 locum
641 557 825 601 :tentorii
856 556 940 610 tui,
982 555 1172 600 cortinas
1208 554 1546 601 habitaculorum
1586 567 1770 639 tuprurn
1806 556 2078 619 expandant,
2124 573 2179 604 ne
2214 558 2465 620 prohibeas,

464 619 602 681 longos
633 620 718 679 fac
750 620 879 681 funes
902 629 1012 676 tuos,
1047 620 1097 666 δε
1138 619 1289 667 clavos
1327 633 1428 667 tuos
1467 620 1649 676 firma,''
1703 636 1820 669 mv:
1842 638 1899 669 2:
1957 623 2005 669 &
2045 624 2165 684 apud
2202 623 2469 684 Jeremimn,

464 686 565 732 Τ
559 695 693 731 entor
695 701 765 732 um
790 701 945 732 meum
975 685 1254 732 devastatum
1279 685 1357 742 est,
1397 686 1446 733 &
1481 702 1615 733 omnes
1633 686 1763 748 funes
1794 688 1873 734 mei
1903 688 2081 748 evus
2117 704 2298 744 21:203
2330 691 2470 736 etiam

454 749 536 797 Lhic
561 750 686 797 funes
710 767 794 814 pro
817 737 1195 813 conjungentibus
1227 751 1276 799 &
1306 751 1696 808 confirmantibus,
1736 755 1982 799 tentorium
2006 754 2090 816 pr'o
2115 754 2324 811 Ecclesia,
2361 771 2467 818 quae

462 815 526 862 est
549 817 722 863 coelum
745 818 937 863 Domini
973 819 1019 862 in
1052 818 1191 864 terris.
1261 816 1407 879 Apud
1434 817 1708 873 Hoschearn,
1743 819 1993 865 “Panibus
2022 820 2196 866 hominis
2230 822 2351 868 traxi
2384 838 2466 876 eos,

462 881 590 939 densts
607 883 792 944 funibus
829 884 999 940 amoris,
1003 883 1032 903 ’²
1067 898 1151 930 xl.
1171 904 1220 942 4,
1266 882 1340 930 hic
1374 881 1503 929 funes
1544 881 1776 929 manifeste
1808 899 1892 946 pro
1921 882 2317 948 conjungentibus,
2360 902 2467 934 nam

462 963 590 995 amor
614 948 677 994 est
699 946 958 1006 coniuncfi‘tio
981 948 1231 1012 spiritualis.
1301 948 1447 1011 Apud
1472 948 1780 1005 Ezechielem,
1815 949 2054 997 “Aschur
2076 951 2124 997 ὅτ,
2149 951 2353 1023 Kilmad,
2387 969 2466 998 ne·
2468 987 2470 989 »

461 1015 709 1075 gotiatores
747 1015 814 1061 tui
846 1031 937 1062 cum
962 1016 1170 1077 thesauris
1205 1013 1378 1073 vestium
1398 1025 1482 1076 per
1501 1016 1631 1076 sunes
1668 1015 1950 1077 ligatorum?
1986 1022 2162 1067 xxvu:
2184 1034 2258 1080 23.
2288 1034 2367 1078 24,
2404 1018 2469 1066 ibi

463 1079 522 1125 de
542 1081 690 1141 Tyro,
725 1096 804 1143 per
838 1096 975 1143 quam
1014 1080 1322 1144 significantur
1359 1081 1637 1142 cognitiones
1678 1081 1784 1128 boni
1818 1083 1868 1128 &
1891 1083 2002 1138 veri,
2041 1098 2100 1128 n:
2127 1098 2267 1139 1201,
2304 1099 2465 1131 eorum

459 1143 803 1208 conjunciiones
825 1159 1020 1193 externae
1043 1148 1144 1193 sunt
1167 1146 1307 1193 vestes
1330 1162 1410 1210 per
1433 1144 1561 1193 funes
1584 1147 1751 1208 ligatae.
1821 1148 2044 1194 Praeterea
2079 1146 2209 1195 funes
2242 1150 2288 1195 in
2311 1150 2467 1197 Verbo

461 1212 597 1258 etiarn
637 1212 889 1274 significant
926 1214 1154 1275 portiones
1193 1211 1507 1260 haereditatum
1544 1213 1594 1259 δε
1625 1225 1779 1269 terrae,
1824 1228 1880 1259 ex
1912 1212 2067 1276 gausa
2082 1215 2188 1276 quia
2227 1230 2305 1277 per
2337 1213 2465 1263 funes

459 1277 807 1325 mensurationes
846 1278 1028 1336 fiebant,
1078 1290 1215 1341 prout
1247 1278 1408 1326 Deut:
1434 1293 1571 1324 xxxu
1601 1296 1612 1326 ε
1641 1295 1703 1342 9:
1772 1280 1923 1325 Amos
1947 1294 2055 1326 vu:
2091 1295 2162 1342 17.
2212 1280 2376 1329 Mich:
2401 1282 2461 1330 ii:

462 1360 511 1403 4.
550 1361 596 1406 5.
649 1344 793 1392 Sach:
821 1343 888 1392 ii.
915 1361 958 1407 5.
1013 1314 1195 1392 ³Psalm:
1223 1359 1341 1393 xw:
1367 1344 1411 1391 6.
1457 1342 1639 1391 Psalm:
1666 1359 1897 1392 ωικνιιι·
1926 1360 2003 1407 55.
2053 1343 2234 1392 Psalm:
2262 1361 2357 1394 cv:
2391 1364 2462 1397 11.

459 1408 868 1466 Psa1m20xt:6;
894 1410 1126 1474 &plures
1152 1409 1272 1457 alibi.

526 1481 672 1541 9855.
708 1476 772 1523 Et
807 1476 933 1523 dabis
965 1476 1189 1524 catenulas
1226 1475 1534 1523 funiculorum
1573 1473 1703 1539 super
1735 1473 1906 1532 fundis,
1942 1475 2069 1538 quod
2101 1462 2322 1540 significet
2356 1493 2466 1526 con-

450 1538 736 1605 junctionem
780 1558 885 1590 cum
928 1542 1050 1590 bono
1074 1559 1133 1591 ex
1162 1558 1260 1608 quo
1283 1559 1401 1599 vera,
1436 1544 1486 1589 δε
1523 1541 1582 1589 fic
1622 1540 2004 1590 conselvationem
2041 1543 2192 1617 Regni
2227 1542 2465 1607 spiritualis

458 1609 588 1655 omni
624 1625 757 1672 opera
793 1611 842 1656 δε
866 1609 1082 1673 potentia,
1117 1608 1287 1656 constat
1320 1625 1376 1656 ex
1400 1608 1720 1671 significatione
1749 1607 2052 1656 catenularum
2087 1614 2193 1672 quae
2225 1625 2359 1673 opere
2390 1607 2463 1657 fu-

454 1673 733 1731 niculorum,
781 1676 906 1738 quod
947 1675 1032 1722 sint
1080 1675 1348 1723 cohaerentia
1395 1677 1443 1722 δε
1483 1672 1745 1735 conjunffio
1782 1689 1890 1721 cum
1928 1674 2067 1731 bono,
2112 1675 2169 1722 de
2208 1690 2297 1738 qua
2333 1675 2463 1739 supra

454 1755 520 1787 ιιι
542 1746 685 1804 9852.
712 1746 878 1806 9854,
920 1743 967 1789 &
992 1757 1049 1788 ex
1064 1741 1393 1804 significatione
1432 1739 1678 1787 fundarum
1717 1741 1829 1796 auri,
1864 1740 1990 1802 quod
2026 1740 2113 1787 sint
2143 1741 2376 1795 existentia
2411 1744 2461 1797 δε

454 1805 729 1854 subsistentia
753 1823 962 1854 verorum
997 1823 1054 1854 ex
1087 1806 1225 1864 bono,
1261 1807 1316 1853 de
1340 1822 1436 1870 quo
1458 1807 1592 1853 etiam
1617 1805 1748 1869 supra
1770 1822 1832 1853 n:
1852 1808 2017 1870 9847·,
2054 1805 2226 1853 consen
2228 1808 2328 1853 atio
2354 1806 2463 1857 boni

455 1873 507 1918 ὅτ
530 1875 624 1919 veri
654 1875 699 1920 in
724 1873 890 1936 Regno
914 1872 1141 1936 spirituali,
1168 1872 1240 1920 seu
1264 1873 1389 1936 quod
1414 1872 1554 1928 idern,
1590 1871 1866 1918 conservatio
1889 1873 2041 1935 Regni
2073 1872 2327 1936 spiritualis
2333 1874 2463 1922 omni

443 1953 588 2004 opera
621 1939 671 1987 &
689 1940 910 2003 potentia,
946 1938 1218 2002 significatur
1251 1954 1330 2002 per
1353 1937 1467 1986 duos
1503 1937 1670 2001 lapides
1695 1937 1904 1985 schoham
1935 1938 2115 2001 positos
2137 1937 2266 2002 super
2298 1939 2463 1987 hume-

454 2006 618 2051 ralibus
655 2005 859 2069 Ephodi,
909 2004 1073 2069 quibus
1106 2003 1328 2072 insculpta
1365 2017 1488 2052 erant
1532 2005 1720 2053 nomina
1759 2003 1961 2053 filiorum
1998 2003 2181 2061 Israelis,
2228 2005 2458 2070 11:9836.

451 2087 485 2136 9
521 2088 666 2203 3856.
690 2090 848 2185 ιὲθειΤε
875 2154 928 2200 15
956 2138 1011 2186 ad
1039 2156 1116 2202 30.
1156 2140 1219 2186 Et
1229 2138 1369 2200 facies
1398 2137 1609 2199 petlorale
1626 2137 1806 2200 judicii,
1847 2148 1966 2198 opere
1996 2138 2311 2199 excogitatoris,
2337 2136 2456 2196 scut

447 2216 555 2265 opus
577 2205 747 2265 Ephodi
755 2204 896 2265 facies
917 2204 1038 2261 illud,
1074 2220 1197 2261 auro,
1232 2204 1500 2265 hyacinthino
1524 2203 1579 2251 ΕΞ
1603 2215 1822 2264 purpura,
1863 2202 1918 2251 ἔθ’
1942 2205 2123 2257 coccineo
2159 2203 2258 2249 diba
2290 2203 2360 2259 ho,
2402 2203 2460 2252 ὅ

445 2269 596 2329 byffino
640 2280 844 2326 contexto,
873 2270 1014 2330 facies
1050 2269 1167 2318 illud.
1238 2269 1512 2332 Qadratum
1549 2270 1632 2315 erit
1670 2267 1946 2329 duplicatum,
1976 2268 2279 2330 spithamao
2256 2269 2456 2330 ongitudo

445 2337 556 2398 ejus,
598 2335 653 2383 δέ
665 2335 888 2397 spithama
910 2335 1094 2381 latitudo
1115 2338 1217 2398 es'us.
1287 2336 1352 2382 Et
1380 2335 1560 2404 opplebis
1582 2333 1691 2386 illud
1719 2332 1938 2394 oppletum
1954 2331 2148 2399 lapidi-53
2183 2343 2365 2396 quatuor
2386 2350 2457 2381 or-

442 2404 567 2449 dines
589 2401 743 2462 lapidis
774 2400 889 2460 ordo,
927 2401 1137 2462 Rubinus,
1174 2400 1218 2447 Τ
1208 2411 1407 2469 opaztus
1441 2399 1748 2455 Carbunculus,
1787 2397 1884 2445 ordo
1907 2414 2026 2445 unus.
2095 2396 2158 2446 Et
2181 2399 2280 2446 ordo
2302 2400 2456 2462 secun·

444 2466 546 2523 dus,
581 2466 900 2530 Chrysoprasus,
942 2466 1190 2528 Sapphirus,
1232 2467 1287 2524 ἐφ’
1311 2467 1512 2518 Adamas.
1582 2467 1646 2512 Et
1675 2465 1783 2511 ordo
1821 2466 1991 2520 tertius,
2033 2464 2213 2525 ny‚anus
2249 2465 2453 2523 Achates,-

445 2534 508 2582 -&
524 2534 795 2592 Amethystus.
864 2533 927 2578 Et
963 2532 1060 2579 ordo
1093 2541 1287 2597 quartus,
1329 2532 1371 2579 Τ
1367 2529 1625 2593 barschzsch
1660 2530 1715 2577 ΕΘ
1737 2529 1959 2584 Schoham,
1997 2529 2052 2577 δέ)
2087 2531 2271 2592 Jaspi53
2312 2531 2458 2591 inclzfi

453 2615 559 2646 auro
575 2609 706 2655 erunt
728 2602 773 2645 in
790 2598 1025 2662 oppleturis
1037 2599 1150 2661 ficis.
1221 2599 1286 2650 Et
1314 2597 1476 2666 lapides
1492 2605 1623 2644 erunt
1642 2597 1780 2672 super
1797 2595 2027 2642 nominibus
2049 2594 2242 2652 filiorum
2266 2597 2452 2659 Israelis,

444 2665 660 2719 duodecim
684 2665 814 2726 super
836 2655 1064 2714 nominibus
1080 2679 1241 2719 eorum,
1271 2659 1505 2725 sculpturis
1523 2659 1697 2723 stgilli,
1694 2663 1855 2724 cuique
1881 2661 2013 2723 super
2030 2664 2191 2709 nomine
2219 2663 2307 2725 ej'us
2329 2673 2454 2720 erunt

443 2731 661 2779 duodecim
697 2729 909 2776 tribubus.
980 2729 1043 2774 Et
1070 2729 1209 2789 facies
1243 2730 1374 2790 super
1409 2728 1618 2789 pectorali
1646 2726 1865 2776 catenulas
1903 2728 2075 2774 termini
2118 2739 2236 2789 opere
2263 2728 2454 2791 funiculi

444 2812 559 2843 auro
584 2807 709 2856 puro.
780 2796 850 2841 Et
871 2794 1012 2857 fac-ies
1028 2795 1168 2858 super
1190 2795 1398 2855 pettorali
1428 2794 1531 2841 duos
1567 2793 1742 2841 annulos
1765 2794 1879 2847 auri,
1920 2793 1975 2841 69⁹
1997 2792 2117 2840 dabis
2149 2793 2249 2840 duos
2279 2794 2453 2842 annulos

442 2864 574 2926 super
596 2861 758 2908 duabus
778 2860 1122 2921 extremitatibus
1149 2860 1390 2921 pettoralis.
1461 2861 1525 2910 Et
1546 2858 1669 2905 dabis
1691 2858 1791 2905 a'uos
1812 2858 2029 2919 funiculos
2062 2861 2163 2905 auri
2183 2851 2316 2921 super
2348 2860 2450 2907 duo·

451 2929 529 2975 bus
564 2927 730 2973 annulis
766 2927 826 2974 ad
854 2928 1139 2974 extremitates
1163 2925 1405 2992 pettofalis.
1476 2927 1540 2971 Et
1572 2925 1678 2971 duas
1713 2926 1997 2971 extremitates
2035 2923 2210 2983 duorum
2230 2923 2448 2985 funiculo-

442 3010 545 3044 rum
567 2993 686 3041 dabis
697 2994 829 3055 super
849 2992 1011 3039 duabus
1030 2987 1199 3053 fundis,
1239 2991 1294 3039 &²
1317 2992 1436 3039 dabis
1456 2992 1589 3053 super
1617 2990 1806 3036 humeros
1828 2990 1977 3050 ephodi
1998 3006 2030 3037 e
2051 2991 2215 3053 'regione
2235 2988 2450 3051 faeierum

443 3077 552 3122 elus.
621 3059 685 3105 Et
706 3058 846 3120 facies
881 3058 982 3106 duos
1011 3057 1186 3104 annulos
1219 3059 1333 3113 auri,
1378 3057 1433 3106 65?
1459 3069 1589 3118 pones
1626 3056 1718 3102 illos
1744 3057 1877 3118 super
1914 3056 2076 3102 duabus
2113 3053 2450 3107 extremitatibus

443 3124 669 3186 pettoralis
691 3126 822 3187 super
844 3128 919 3171 ora
943 3126 1045 3185 ejus,
1076 3139 1175 3187 quae
1208 3126 1318 3170 citra
1343 3123 1542 3188 ephodum
1565 3122 1807 3184 introrsum.
1883 3122 1947 3168 Et
1967 3122 2109 3184 facies
2140 3120 2240 3177 duos
2275 3122 2449 3170 annulos

434 3193 559 3247 ami,
590 3191 643 3240 &
667 3191 787 3246 dabis
808 3191 900 3239 illos
921 3191 1055 3257 super
1077 3189 1232 3239 duobus
1254 3189 1439 3239 humeris
1470 3189 1616 3252 ephodi
1652 3189 1831 3252 inferius
1863 3203 1885 3238 c
1906 3190 2085 3256 regione,
2106 3173 2321 3250 facierum
2360 3189 2448 3256 ejus

423 3267 430 3275 ·
2300 3263 2447 3306 contra
