2840 3718
479 246 790 366 274*
1028 262 1868 371 EXohDU'S

547 410 735 464 10,028.
779 405 844 454 Et
888 420 1074 453 omnem
1116 403 1374 468 sanguinem
1421 402 1626 453 effundes
1657 402 1713 451 ad
1753 401 2103 452 fundamentum
2142 405 2304 464 altaris,
2338 409 2466 473 quod

463 472 694 536 ,significet
720 475 942 518 Divinum
975 472 1143 518 Verum
1186 484 1335 518 totum
1374 473 1419 518 in
1460 469 1657 525 sensuali,
1694 469 1818 532 quod
1863 468 2080 517 ultimum
2111 472 2220 519 vitae
2250 472 2465 532 hominis,

476 538 646 585 constat
668 554 723 583 ex
745 537 1064 600 significatione
1095 538 1334 600 sanguiniS,
1375 536 1501 599 quod
1535 535 1586 583 sit
1611 535 1836 582 Divinum
1862 535 2036 582 Verum
2063 552 2118 583 ex
2140 538 2315 586 Divino
2337 541 2468 588 Bono

478 603 687 658 Domini,
729 603 786 649 de
809 618 897 665 qua
923 618 1032 649 mox
1056 602 1183 666 supra
1219 619 1278 651 n:
1306 603 1509 658 10,026:
1553 603 1603 649 δε
1625 617 1681 648 ex
1715 600 2038 664 fignificatione
2078 600 2359 651 fundamenti
2382 606 2469 652 Al-

479 665 601 723 taris,
636 668 761 731 quod
803 668 856 715 fit
889 667 1077 715 sensuale
1108 668 1234 733 quod
1273 668 1490 715 ultimum
1529 668 1638 714 vitae
1674 667 1903 722 hominis;
1951 668 2076 731 quod
2119 666 2470 719 fundamentum

481 733 626 783 altaris
666 733 712 780 id
752 732 822 789 sit,
863 734 926 780 est
960 736 1065 797 quia
1089 734 1248 781 Altare
1283 733 1371 781 fuit
1407 732 1815 797 repraesentativum
1842 733 2000 780 Divini
2026 734 2236 795 Humani
2261 736 2469 795 Domini,

480 814 616 861 quare
639 796 986 846 fundamentum
1027 797 1121 862 ejus
1146 800 1367 862 fignificat
1407 799 1453 844 id
1494 798 1620 862 quod
1661 798 1877 844 ultimum
1917 799 2027 846 vitae
2066 801 2112 846 in
2151 799 2352 848 humano
2388 802 2469 860 est,

481 878 530 911 ac
554 864 767 911 ultimum
793 866 902 912 vitae
930 867 976 911 in
1003 864 1202 912 humano
1240 864 1303 912 est
1346 864 1392 911 id
1433 864 1559 926 quod
1598 864 1725 927 quod
1766 874 1953 911 vocatur
1987 864 2177 911 sensuale
2215 879 2470 925 externum,

481 931 607 992 quod
633 931 705 977 hic
728 930 1026 994 intelligitur,
1073 931 1199 993 quod
1226 931 1380 978 Altare
1413 925 1547 976 fuerit
1571 929 1854 992 praecipuum
1880 929 2288 992 repraesentativum
2313 932 2473 982 Divini

481 995 694 1043 Humani
716 996 925 1052 Domini,
963 996 1168 1044 videatur
1202 1013 1262 1045 n:
1284 1000 1593 1060 9388.,9389.
1621 1010 1765 1059 9714.
1793 994 1937 1055 9964,
1973 995 2099 1058 quod
2124 995 2473 1046 fundamentum

482 1060 535 1106 fit
573 1061 789 1108 ultimum
827 1060 940 1125 ejus,
973 1074 1112 1125 patet,
1146 1063 1272 1125 quod
1304 1061 1348 1108 id
1383 1061 1506 1126 apud
1542 1061 1774 1107 hominem
1813 1061 1865 1107 fit
1906 1058 2091 1108 sensuale
2129 1075 2384 1121 externum,
2425 1065 2477 1113 ὅτ

484 1127 614 1188 quale
654 1128 718 1182 id,
754 1128 962 1175 videatur
1013 1144 1244 1191 11:9212.
1285 1127 1424 1191 9216.
1463 1127 1603 1189 9996.
1687 1126 1946 1185 Quomodo
1992 1142 2100 1173 cum
2138 1127 2208 1174 his
2247 1128 2288 1176 se
2325 1129 2475 1187 habet,

482 1194 636 1255 paucis
672 1192 918 1240 dicendum
944 1193 1035 1249 est·,
1077 1208 1184 1240 cum
1208 1193 1349 1240 homo
1372 1191 1651 1256 purificatur,
1689 1204 1797 1240 tunc
1821 1193 2049 1240 'omnium
2090 1194 2292 1256 primum
2328 1195 2475 1242 addis-

487 1271 653 1306 cuntur
674 1258 777 1305 talia
801 1274 920 1315 vera,
961 1273 1068 1321 quae
1097 1260 1197 1321 capi
1229 1260 1409 1322 poffunt
1433 1275 1457 1305 a
1481 1257 1660 1304 sensuali
1686 1257 1885 1313 homine,
1923 1258 2025 1304 talia
2046 1274 2148 1305 vera
2171 1258 2286 1316 sunt,
2328 1261 2477 1323 qualia

485 1320 586 1371 sunt
610 1325 655 1370 in
678 1322 798 1370 sensu
829 1324 970 1371 literae
999 1323 1132 1382 Verbi
1155 1346 1168 1379 ·,
1205 1323 1353 1388 postea
1385 1322 1671 1371 addiscuntur
1694 1339 1796 1370 vera
1820 1324 2041 1379 interiora,
2077 1323 2224 1387 qualia
2246 1325 2347 1372 sunt
2370 1343 2476 1390 quae

486 1389 767 1453 colliguntur
789 1406 846 1436 ex
867 1389 1023 1438 Verbo
1062 1389 1118 1436 ab
1142 1390 1228 1437 illis
1251 1391 1331 1454 qui
1357 1391 1403 1437 in
1427 1388 1714 1436 illustratione
1740 1390 1855 1445 sunt,
1897 1388 1943 1435 hi
1975 1390 2097 1436 enim
2123 1390 2345 1453 colligunt
2382 1394 2476 1439 sen-

486 1453 584 1501 sum
619 1456 876 1507 interiorem
913 1453 1008 1519 ejus
1045 1470 1102 1501 ex
1142 1456 1272 1503 variis
1310 1455 1436 1512 locis,
1473 1455 1551 1501 ubi
1592 1453 1733 1501 sensus
1764 1454 1904 1502 literae
1927 1454 1988 1501 ibi
2019 1455 2282 1518 explicatur,
2323 1473 2379 1504 ex
2410 1457 2480 1505 his

487 1512 681 1584 cognitis
704 1520 806 1567 dein
829 1536 934 1569 vera
967 1520 1115 1568 adhuc
1138 1521 1346 1569 interiora
1367 1521 1422 1568 ab
1446 1519 1668 1567 illustratis
1691 1521 1970 1576 hauriuntur,
1993 1535 2099 1583 quae
2123 1537 2229 1568 cum
2253 1522 2479 1586 prioribus

488 1585 731 1645 inserviunt
754 1585 968 1634 Ecclefiae
999 1601 1085 1650 pro
1107 1588 1325 1643 doetrina,
1360 1587 1457 1634 haec
1487 1601 1572 1649 pro
1596 1586 1796 1633 doetrina
1831 1586 1916 1632 illis
1949 1586 2029 1648 qui
2053 1583 2240 1635 internae
2263 1589 2478 1637 Ecclefiae

488 1651 695 1699 homines
729 1651 845 1710 sunt,
882 1652 959 1700 illa
990 1667 1076 1714 pro
1100 1653 1300 1700 doetrina
1336 1653 1423 1699 illis
1455 1652 1536 1715 qui
1559 1663 1757 1698 externae
1780 1650 1994 1698 Ecclefiae
2029 1651 2232 1699 homines
2255 1652 2387 1701 sunt:
2429 1655 2478 1703 hi

487 1715 539 1765 ὅτ
561 1717 653 1774 'illi-,
689 1717 722 1765 fi
745 1718 955 1765 vixerunt
989 1717 1234 1765 secundum
1269 1717 1362 1775 illa,
1407 1720 1453 1764 in
1478 1717 1650 1765 coelum
1692 1718 1807 1764 inter
1828 1715 2010 1779 angelos
2049 1715 2292 1774 elevantur,
2327 1735 2378 1767 ac
2415 1721 2479 1769 ibi

488 1781 757 1841 imbuuntur
779 1783 988 1847 sapientia
1010 1784 1225 1847 angelica,
1260 1800 1367 1847 quae
1387 1782 1451 1831 est
1468 1799 1528 1830 ex
1551 1785 1668 1830 veris
1700 1783 1849 1830 adhuc
1872 1782 2170 1840 interioribus,
2213 1786 2263 1832 ὅτ
2294 1786 2479 1838 tandem

489 1864 546 1896 ex
570 1850 739 1896 intimis
763 1849 809 1896 in
830 1849 952 1896 coelo
975 1852 1137 1898 tertio:
1179 1849 1277 1896 haec
1315 1865 1422 1897 vera
1455 1864 1561 1896 cum
1603 1847 1836 1911 prioribus.
1863 1848 1908 1894 in
1942 1846 2021 1894 suo
2057 1849 2231 1906 ordine,
2272 1851 2480 1900 definunt

490 1912 537 1961 in
558 1914 733 1970 ultima,
767 1929 873 1976 quae
895 1914 995 1962 sunt
1017 1913 1218 1963 sensualis
1240 1915 1427 1972 externi,
1461 1930 1512 1962 ac
1536 1914 1601 1961 ibi
1623 1914 1755 1962 fimul
1776 1913 1911 1968 sunt,
1956 1914 2060 1963 inde
2085 1927 2224 1978 patet,
2260 1916 2386 1979 quod
2410 1918 2479 1963 in—

490 1981 652 2035 teriora
671 1977 773 2027 vera
795 1982 951 2027 omnia
984 1980 1069 2028 fint
1105 1980 1235 2028 fimul
1275 1983 1320 2028 in
1358 1981 1472 2027 veris
1501 1980 1644 2027 sensus
1674 1980 1811 2027 literae
1836 1977 1993 2034 Verbi,
2025 1995 2130 2027 narn
2153 1981 2251 2027 haec
2273 1997 2392 2039 vera,
2427 1995 2486 2031 ut

491 2042 622 2112 ὤργα
643 2046 818 2092 dietum
843 2045 923 2102 est,
964 2044 1123 2094 ultima
1146 2045 1276 2094 sunt:
1316 2046 1448 2110 'quod
1484 2047 1529 2092 in
1558 2045 1731 2092 ultimis
1763 2045 1803 2092 se
1838 2057 2054 2108 reponant
2088 2047 2299 2100 ,interiora
2327 2050 2484 2097 omnia

491 2104 664 2168 ordine,
689 2107 748 2170 >&c
774 2112 836 2158 ibi
856 2112 991 2158 simul
1016 2111 1117 2171 sint,
1156 2112 1363 2159 videatur
1409 2112 1799 2176 n29828.‘9826.
1870 2112 1944 2158 hx
1983 2110 2050 2158 his
2087 2124 2226 2174 patet,
2267 2113 2376 2176 quid
2412 2114 2482 2161 in-

493 2174 712 2244 telligitur
743 2192 825 2242 per
846 2177 970 2240 quod
993 2177 1218 2224 Divinum
1242 2178 1418 2225 Verum
1453 2178 1506 2224 sit
1537 2190 1688 2225 totum
1729 2178 1776 2223 in
1814 2174 2010 2232 sensuali,
2049 2173 2486 2241 quodTignificatur

492 2259 573 2305 per
595 2243 722 2306 quod
746 2245 895 2290 omnis
928 2243 1104 2307 sanguis
1126 2242 1431 2291 effunderetur
1464 2243 1518 2289 ad
1545 2240 1891 2288 fundamentum
1925 2243 2093 2305 altaris.¹

563 2318 757 2372 *10‚029.
795 2308 859 2356 Et
879 2310 1066 2370 accipies
1093 2323 1278 2355 omnem
1316 2309 1515 2371 adipem,
1557 2307 1682 2370 quod
1707 2306 1928 2369 significet
1951 2308 2124 2360 bonum
2162 2309 2478 2356 accommoda·

422 2398 425 2401 s
495 2378 614 2430 tum,
654 2372 826 2422 constat
857 2386 915 2420 ex
950 2372 1270 2437 significatione
1302 2373 1445 2436 adipis
1481 2372 1554 2419 seu
1591 2373 1900 2448 pinguedinis,
1939 2371 2064 2434 quod
2106 2371 2159 2418 fit
2190 2373 2380 2430 bonum,
2423 2375 2481 2422 de

493 2456 587 2507 qua
620 2456 677 2487 n:
698 2456 862 2503 5943:
909 2438 1080 2485 bonum
1120 2441 1518 2487 accommodatum
1558 2437 1739 2492 dicitur,
1777 2439 1884 2501 quia
1905 2436 1978 2483 hic
2000 2439 2151 2500 agitur
2185 2438 2243 2485 de'
2271 2440 2480 2501 purifica-

496 2507 618 2553 tione
641 2507 816 2563 externi
837 2503 911 2551 seu
937 2505 1142 2551 naturalis
1166 2505 1379 2560 hominis,
1417 2506 1466 2552 &
1505 2504 1562 2550 de
1595 2503 1934 2566 implantatione
1957 2505 2052 2549 veri
2084 2505 2137 2550 ἃ
2164 2503 2287 2559 boni,
2332 2521 2382 2552 ac
2422 2507 2480 2553 fic

497 2572 553 2618 de
575 2569 888 2634 conjunctione
913 2569 1142 2633 utriusque
1175 2571 1255 2624 ibi,
1296 2585 1400 2617 nam
1435 2586 1487 2616 ea
1526 2568 1643 2625 sunt,
1682 2585 1788 2631 quae
1826 2567 2133 2631 significantur
2162 2584 2244 2632 per
2275 2569 2487 2620 sacrifici&

496 2639 544 2683 δε
566 2635 857 2692 holocaust23
893 2637 996 2682 ideo
1030 2652 1106 2698 per
1144 2636 1325 2699 adipem
1359 2652 1416 2683 ex
1447 2632 1760 2698 juvenco‘hic
1799 2634 2066 2696 intelligitur
2103 2634 2276 2703 botrum
2299 2652 2480 2687 accom—

497 2701 735 2748 modatum
774 2701 961 2763 naturali
1000 2701 1073 2747 seu
1112 2714 1300 2756 externo
1333 2699 1525 2756 homiui,
1564 2702 1611 2747 δι
1635 2701 1761 2763 quod
1793 2697 2012 2762 conjungi
2049 2700 2192 2763 potest
2232 2716 2338 2748 cum
2376 2719 2489 2750 vero

499 2767 578 2823 ibi,
623 2772 725 2827 nam
770 2774 934 2813 'verum
971 2768 1053 2811 erit
1090 2764 1486 2813 accommodatum
1530 2765 1609 2817 suo
1659 2767 1795 2821 bono,
1844 2781 1893 2811 ac
1930 2764 2101 2812 bonum
2135 2765 2218 2812 'suo
2257 2767 2380 2824 vero,
2425 2785 2486 2819 ex

500 2827 623 2890 causa
647 2834 754 2894 quia
778 2847 921 2878 unum
945 2844 1088 2877 erunt.
1158 2832 1402 2878 Sciendum
1428 2834 1560 2877 etiam
1591 2831 1670 2887 est,
1716 2830 1842 2894 quod
1867 2846 2025 2876 verum
2053 2835 2100 2879 ὅτ
2126 2831 2296 2879 bonum
2333 2836 2381 2881 in
2403 2848 2482 2882 na-

500 2899 629 2954 turali
666 2897 738 2943 seu
762 2904 947 2944 externo
970 2897 1152 2943 homine
1186 2897 1363 2944 differat
1398 2914 1423 2944 a
1457 2912 1565 2944 vero
1600 2898 1648 2944 &
1676 2897 1795 2944 bono
1815 2898 1875 2952 ,in
1916 2897 2106 2952 interno,
2146 2897 2270 2944 ficut:
2289 2900 2486 2953 exterius

498 2967 546 3011 &
571 2965 775 3019 interius,
814 2962 1021 3010 seu'sicut
1043 2962 1224 3009 inferius
1263 2964 1312 3009 ὅτ
1337 2962 1550 3027 superius,
1596 2962 1667 3009 feu
1707 2957 1836 3026 quods
1851 2957 1996 3018 idem,
2041 2963 2152 3009 ficut
2179 2959 2392 3026 posterius
2417 2967 2478 3012 f&

499 3023 652 3094 prius,
679 3028 856 3075 Verum
892 3031 938 3075 in
962 3028 1144 3075 naturali
1166 3028 1227 3075 est
1251 3027 1562 3085 scientificum,
1603 3030 1654 3075 δε
1693 3028 1864 3075 bonum
1899 3028 1960 3076 ibi
1995 3028 2058 3075 est
2083 3026 2342 3092 jucundum
2365 3027 2479 3092 ejus,

501 3104 744 3162 utrumque
767 3094 1053 3157 perceptibile
1089 3094 1257 3140 homini
1293 3091 1406 3142 dum
1439 3088 1686 3141 inmundo
1717 3094 1796 3150 est,
1835 3108 1937 3140 nam
1970 3106 2076 3140 tunc
2100 3107 2207 3140 cum
2236 3094 2484 3155 cogitatur,
2537 3098 2548 3107 ⁸

505 3173 718 3223 apparet3
763 3157 829 3205 ast
858 3174 1020 3206 verum
1057 3161 1101 3206 in
1141 3160 1315 3207 interno
1353 3160 1536 3207 homine
1569 3175 1660 3207 non
1692 3158 1757 3206 est
1794 3158 2088 3206 scientificum
2127 3171 2357 3222 apparens,
2405 3161 2479 3210 sed

496 3226 560 3272 est
598 3241 756 3273 verum
800 3224 1119 3289 implantatum
1154 3224 1434 3274 inteliedwali
1473 3224 1566 3289 ejus
1602 3223 1717 3289 parti
1739 3247 1763 3280 ·‚,
1809 3226 1981 3273 bonum
2016 3223 2152 3291 etiarn
2190 3223 2254 3271 ibi
2291 3240 2381 3274 non
2417 3227 2485 3278 est

2378 3307 2479 3357 Pete
