2840 3718
587 228 926 293 CAPUT
969 224 1534 292 VIGESIMUM
1574 221 2113 288 SEPTIMUM.
2268 239 2394 300 113

366 354 589 419 quoniam
626 357 672 405 id
712 358 835 423 quasi
863 357 1028 406 cribrat
1061 357 1112 404 &
1136 357 1278 406 cernit
1301 358 1505 421 primum
1537 354 1610 403 illa
1644 367 1752 419 qua:
1784 354 1954 402 intrant
1981 350 2103 414 apud
2130 347 2384 404 hominem,

365 423 419 470 &
441 422 653 472 sistuntur
675 425 920 473 intellectui
943 426 991 474 δι
1013 423 1257 481 voluntati,
1292 426 1354 472 ita
1377 439 1480 471 vera
1501 424 1551 471 &
1575 422 1725 477 bona;
1773 420 1805 469 fi
1841 417 2030 469 sensuale
2065 433 2122 464 ex
2146 417 2271 463 bono
2302 415 2382 470 est,

363 499 477 548 tunc
499 507 591 538 non
622 492 823 540 admittit
855 491 936 538 nifi
962 487 1096 549 bona,
1137 492 1187 538 δε
1209 507 1315 538 vera
1350 505 1456 553 quae
1494 505 1552 536 ex
1588 488 1727 544 b0n0,
1763 489 1815 535 δε
1846 499 1957 534 tunc
1995 482 2140 547 rejicit
2181 482 2298 531 mala
2330 483 2380 529 δε

358 553 469 604 {alsa
491 573 599 620 quae
620 574 679 604 ex
703 557 855 612 malm
895 557 1086 605 sensuale
1119 559 1240 605 enim
1275 557 1338 604 est
1360 555 1509 620 ipsum
1533 557 1847 619 perceptivum
1882 554 1932 600 δι
1955 551 2214 599 senfitivum
2249 550 2380 597 intel-

362 621 623 670 lestualium
648 625 698 671 &
723 623 1031 671 voluntarium
1057 625 1103 670 in
1138 626 1367 680 extremis,
1405 622 1585 686 prorsus
1620 622 1678 668 ad
1710 620 1894 668 illorum
1929 617 2186 667 affeffiones
2210 614 2380 684 forma·

356 697 478 736 tum.
551 689 704 747 Quale
737 689 785 736 id
806 689 888 748 est,
928 689 1135 753 illustrari
1167 689 1314 754 potest
1346 706 1372 736 a
1409 687 1648 752 permultis
1686 689 1731 735 in
1761 701 1986 749 corpore;
2030 685 2182 731 ubivis
2219 684 2265 730 in
2300 687 2379 730 e'x·

359 754 517 802 tremis
540 756 742 820 corporis
764 755 867 804 sunt
886 756 1138 804 reticulares
1161 757 1326 804 formae
1349 757 1399 803 &
1423 755 1547 819 quasi
1579 753 1740 810 cribra,
1781 769 1887 817 quae
1922 752 2130 799 alluentia
2151 750 2378 800 emunda

360 834 568 878 cernunt,
603 823 915 871 convenientia
947 822 1234 871 admittendo
1276 838 1334 870 ex
1371 822 1604 877 desiderio,
1644 823 1692 868 δε
1726 819 2102 866 disconvenientia
2134 815 2377 876 rejiciendo

359 902 418 934 ex
438 888 742 945 aversatione·,
778 889 887 937 tales
908 887 1072 937 formae
1100 889 1452 953 exquifitiffimae
1487 890 1532 935 in
1557 887 1810 934 ventriculo
1844 884 1960 940 sunt,
1997 900 2103 948 quae
2128 883 2375 930 secundum

359 954 572 1003 desideria
614 966 803 1019 propter
839 956 1053 1003 utilitates
1086 956 1400 1003 convenientia
1437 954 1559 1016 cbyli
1610 955 1655 1000 in
1702 951 1964 1015 sanguinem
2015 950 2279 1006 admittunt,
2324 951 2375 998 &c

358 1019 610 1068 secundum
650 1020 970 1069 aversationem
994 1033 1181 1085 propter
1219 1021 1403 1078 damna,
1442 1019 1826 1068 disconvenientia
1859 1016 2092 1080 rejiciunt:
2135 1033 2244 1063 cum
2278 1015 2376 1063 sen-

357 1085 483 1143 suali,
519 1086 646 1151 quod
669 1086 889 1136 ultimum
913 1088 1025 1135 vitae
1053 1087 1251 1135 hominis
1283 1086 1364 1144 est,
1398 1086 1601 1134 similiter
1636 1085 1678 1133 se
1702 1084 1867 1139 habet,
1909 1083 1982 1131 sed
2020 1084 2106 1131 hoc
2135 1084 2259 1146 apud
2290 1083 2374 1131 ho·->

353 1154 530 1200 minem
554 1153 735 1217 prorsus
769 1154 1060 1218 deperditum
1099 1153 1180 1212 est,
1214 1170 1272 1202 ex
1294 1153 1439 1209 causa,
1472 1154 1580 1216 quia
1612 1153 1660 1200 id
1685 1153 1896 1215 proxime
1920 1151 2097 1198 mundo
2125 1149 2281 1205 exstat,
2324 1152 2374 1199 δι’

355 1219 463 1267 ideo
501 1219 718 1268 ultimum
744 1220 808 1268 est
839 1220 968 1285 quod
994 1233 1291 1284 regeneratur,
1327 1221 1378 1268 &
1412 1219 1552 1284 usque
1590 1219 1647 1266 ad
1683 1219 1794 1266 illud
1832 1219 1919 1266 vix
1949 1217 2108 1280 aliquis
2139 1217 2273 1264 hodie
2300 1233 2370 1263 re-

354 1287 558 1349 generari
581 1286 757 1350 potest:
801 1287 934 1351 quale
968 1289 1121 1350 itaque
1155 1288 1280 1352 apud
1317 1288 1402 1334 hos
1436 1283 1625 1334 sensuale
1649 1285 1763 1332 illud
1781 1284 1867 1340 -est,
1906 1284 2146 1331 videantur
2177 1299 2284 1346 quae
2314 1284 2373 1331 de

354 1352 436 1400 illo
458 1354 583 1417 prius
603 1369 832 1417 n':·4oo9.
860 1370 1005 1420 5077.
1033 1358 1173 1416 5081.
1205 1357 1349 1417 5084.
1378 1361 1522 1417 5094.
1545 1369 1688 1416 5125.
1716 1356 1860 1414 5128.
1888 1355 2033 1413 5580.
2053 1350 2196 1414 5767.
2225 1366 2369 1415 5774.

355 1419 500 1483 6183.
526 1419 669 1470 6201.
706 1421 845 1483 6310.
870 1419 929 1468 ad
961 1421 1106 1484 6318.
1146 1418 1290 1485 6564.
1332 1420 1475 1484 6598.
1514 1419 1657 1468 6622.
1685 1419 1828 1477 6614.
1865 1418 2007 1466 6622.
2045 1414 2188 1476 6624.
2225 1418 2369 1477 6844.

353 1487 500 1548 6845.
528 1487 670 1552 6948.
699 1481 844 1552 6949.
873 1503 1017 1550 744²·
1046 1487 1192 1551 7645.
1220 1490 1360 1552 7693.
1390 1503 1536 1552 9212.
1562 1485 1708 1552 9216,
1732 1482 1901 1532 ostensa
1925 1481 2027 1530 sunt
2046 1505 2063 1538 3
2098 1484 2202 1530 ideo
2226 1485 2370 1535 homo

351 1551 555 1600 elevatur
579 1552 644 1599 ab
667 1552 747 1601 illo
769 1552 921 1602 versus
945 1554 1157 1602 interiora
1191 1570 1216 1600 a
1240 1554 1464 1610 Domino,
1500 1564 1552 1600 ut
1575 1552 1725 1600 videat
1761 1552 1810 1599 &
1836 1551 1979 1614 capiat
2003 1565 2109 1597 vera
2129 1566 2236 1613 quae
2261 1551 2369 1597 fidei

351 1618 403 1666 ὅτ
427 1617 549 1666 bona
568 1635 676 1684 quae
698 1621 879 1668 amoris.
945 1619 1151 1669 Sensuale
1186 1633 1356 1676 autem,
1390 1619 1515 1683 quod
1554 1634 1635 1683 per
1672 1618 1874 1666 cribrum
1907 1632 2023 1681 opus
2054 1618 2162 1666 retis
2194 1618 2368 1664 circum

350 1684 485 1733 altare
522 1685 819 1750 significatur,
854 1685 918 1734 est
954 1686 1160 1734 Sensuale
1182 1687 1344 1734 Divini
1367 1686 1581 1734 Humani
1603 1686 1832 1740 Domini;
1880 1683 2012 1731 altare
2045 1685 2170 1731 enim
2204 1683 2268 1731 est
2301 1700 2367 1731 re-

348 1752 718 1816 praesentativum
741 1753 936 1801 Domini
960 1754 1011 1801 δε
1035 1754 1186 1802 cultus
1209 1753 1353 1818 Ipsius
1382 1769 1440 1801 ex
1464 1752 1587 1801 bono
1617 1752 1802 1808 amoris,
1842 1768 1871 1798 n
1896 1768 1907 1798 ε
1931 1767 2076 1815 9714·

417 1835 562 1885 9727.
598 1821 727 1877 AEre,
762 1820 890 1886 quod
909 1819 1133 1885 fignificet
1165 1820 1294 1884 quod
1317 1820 1453 1868 etIam
1487 1836 1544 1867 ex
1569 1819 1708 1875 bono,
1744 1816 1917 1866 constat
1948 1833 2006 1864 ex
2040 1816 2368 1880 significatione

350 1887 469 1942 aeris,
503 1886 632 1950 quod
671 1886 727 1934 sit
764 1886 940 1935 bonum
974 1900 1218 1936 externum
1254 1887 1326 1935 seu
1359 1886 1588 1942 naturale,
1629 1885 1686 1933 de
1707 1901 1799 1948 qua
1834 1899 1972 1946 nz4z
1981 1900 2024 1945 5.
2058 1901 2176 1946 1551
2196 1902 2212 1931 „-
2263 1886 2369 1947 quia

348 1966 432 2014 per
451 1951 656 2000 cribrum
677 1968 795 2016 opus
818 1954 922 2001 retis
942 1954 1119 2001 circum
1151 1954 1284 2002 altare
1317 1953 1594 2017 significatur
1614 1951 1819 2000 Sensuale
1842 1952 2003 1997 Divini
2034 1951 2241 1998 Humani
2264 1952 2367 1998 Do-

349 2018 481 2075 mini,
519 2035 579 2066 n:
598 2020 726 2083 9726
750 2019 846 2066 fin:
899 2019 1003 2066 ideo
1025 2020 1220 2076 bonum,
1259 2019 1495 2082 quodhic
1530 2019 1808 2081 significatur
1841 2017 1905 2064 est
1931 2017 2155 2064 Divinum
2182 2019 2367 2064 Bonum

347 2084 510 2140 Divini
533 2086 724 2132 Amoris
746 2085 889 2149 Ipfius
909 2107 924 2141 ;
958 2086 1114 2133 omnia
1137 2083 1303 2132 Divini*
1317 2086 1530 2133 Humani
1551 2085 1747 2132 Domini
1769 2100 1826 2131 ex
1849 2083 1930 2130 illo
1954 2085 2084 2130 Bono
2114 2082 2230 2130 sunt.

419 2155 563 2216 9728.
598 2151 664 2199 Et
696 2149 830 2199 facies
865 2150 995 2215 super
1030 2153 1112 2199 reti
1144 2164 1342 2215 quatuor
1372 2151 1561 2199 annulos
1583 2148 1706 2208 aeris,
1738 2149 1866 2213 quod
1890 2148 2112 2212 fignificet
2142 2148 2365 2212 sphaeram

349 2215 455 2264 boni
490 2233 571 2282 per
592 2232 731 2280 quam
756 2214 1036 2282 conjunffio,
1072 2217 1244 2265 constat
1275 2233 1333 2265 ex
1357 2218 1682 2281 significatione
1715 2218 1837 2272 reti5‚
1870 2216 1998 2279 quod
2021 2216 2076 2263 sit
2105 2229 2365 2263 extremum

344 2283 468 2342 vitae*
495 2282 847 2348 correspondens
881 2285 992 2332 vitae
1029 2285 1247 2341 interiori,
1281 2300 1388 2348 quae
1427 2283 1490 2331 est
1522 2283 1774 2331 intellectus
1808 2286 1854 2329 &
1881 2281 2145 2339 voluntatis,
2182 2282 2239 2329 de
2273 2299 2364 2346 qua

343 2365 459 2397 mox
481 2349 611 2414 supra
645 2352 889 2416 11:97263
936 2366 993 2399 ex
1016 2350 1340 2415 significatione
1362 2363 1575 2415 quatuor,
1609 2349 1735 2414 quod
1760 2349 1845 2396 sint
1868 2346 2146 2411 conjunstiO,
2182 2349 2239 2396 de
2271 2366 2363 2412 qua

343 2432 404 2463 n:
432 2418 567 2466 1686.
598 2420 739 2482 8877.
762 2420 907 2480 9601.
932 2418 1098 2482 9674;
1136 2433 1192 2465 ex
1229 2417 1554 2481 significatione
1583 2416 1874 2472 annulorum,
1908 2415 2033 2478 quod
2068 2416 2154 2463 sint
2188 2414 2360 2479 sphaera

342 2482 504 2529 Divini
528 2486 645 2531 Boni
680 2500 730 2531 ac
753 2484 881 2540 Veri,
915 2500 998 2547 per
1034 2500 1173 2548 quam
1213 2482 1491 2546 conjunffio,
1530 2483 1588 2531 de
1619 2498 1709 2546 qua
1743 2487 1970 2546 11:9498.
1995 2499 2120 2545 9501
2142 2503 2160 2537 3
2216 2483 2268 2530 &
2299 2498 2358 2531 ex

343 2548 667 2611 significatione
690 2552 809 2607 aeris,
845 2550 972 2614 quod
997 2550 1051 2598 sit
1074 2550 1267 2606 bonum,
1303 2563 1356 2597 ut
1379 2549 1507 2614 supra
1542 2566 1602 2598 n:
1629 2565 1773 2614 9727.

338 2697 398 2731 ex
411 2617 747 2746 Ξῖςῖῗὲςῖἓὲἱὲ
767 2629 969 2748 ἓὲἒέἓὲἕ
985 2616 1511 2745 .ῖ.ἴῖὲἳ.ᾟὲξ.ἶὶἒὲῗ,ᾝὲἒί
1522 2613 2354 2746 532²ffi15¹55¹22e3222b23⁵3aff*

406 2764 554 2813 9730.
592 2749 658 2797 Et
694 2749 820 2798 dabis
858 2749 972 2796 illud
1007 2749 1090 2798 sub
1122 2749 1298 2798 ambitu
1332 2749 1479 2797 altaris
1507 2747 1734 2805 deorsum,
1768 2748 1895 2811 quod
1925 2747 2145 2811 significet
2177 2748 2269 2798 hoc
2305 2750 2352 2797 in

338 2815 535 2872 ultimis,
571 2815 742 2863 constat
765 2830 821 2864 ex
844 2816 1167 2879 significatione
1201 2816 1335 2865 cribri
1368 2818 1515 2879 operis
1538 2817 1659 2872 retis,
1696 2814 1823 2877 quod
1848 2814 2027 2862 daretur
2060 2813 2142 2861 sub
2175 2815 2349 2862 ambitu

338 2883 504 2938 altaris,
539 2882 665 2945 quod
708 2882 762 2928 sit
799 2881 1003 2939 sensuale,
1034 2883 1092 2931 de
1115 2899 1205 2946 qua
1245 2882 1375 2945 supra
1411 2899 1470 2930 n:
1496 2883 1657 2946 9726‘·
1698 2897 1754 2929 ex
1777 2881 2104 2943 significatione
2133 2881 2349 2938 ambitus,

338 2965 450 2999 cum
489 2949 548 2995 de
571 2947 784 3004 Sensuali,
823 2949 950 3011 quod
987 2949 1040 2996 fit
1081 2949 1334 3003 ultimum·,
1378 2949 1504 3011 quod
1538 2947 1727 2997 sensuale
1770 2960 2007 2996 externum
2039 2947 2092 2995 fit
2128 2947 2346 2996 ultimum

338 3017 449 3063 vitae
475 3015 601 3078 apud
626 3015 879 3069 hominem,
917 3014 1120 3062 videatur
1155 3032 1184 3061 n
1207 3034 1217 3063 :
1239 3015 1403 3080 9726·,
1445 3018 1494 3065 &
1516 3014 1919 3077 ex'fignificatione
1953 3012 2181 3070 deorsum,
2217 3015 2347 3075 quod

338 3085 392 3130 fit
413 3082 679 3138 extrorsum,
717 3097 821 3128 nam
846 3096 927 3143 per
949 3081 1172 3145 superiora
1195 3081 1501 3144 significantur
1532 3082 1758 3137 interiora,
1792 3081 1844 3128 ὅτ
1881 3096 1960 3143 per
1990 3077 2200 3129 inferiora
2222 3093 2346 3126 exte-

338 3151 470 3205 riora,
514 3164 549 3195 n
575 3167 585 3196 :
611 3151 754 3211 6952.
796 3149 939 3210 6954.
979 3153 1108 3212 7814
1147 3147 1203 3196 ad
1243 3149 1386 3211 7821.
1426 3150 1571 3207 8604,
1610 3147 1717 3196 inde
1750 3162 1831 3210 per
1863 3145 2035 3195 sursum
2072 3145 2350 3208 significatur

335 3213 595 3269 introrsum,
632 3216 679 3262 &
704 3230 784 3279 per
808 3214 1015 3265 deorsum
1050 3214 1314 3266 extrorsum.
1385 3214 1472 3263 Per
1494 3213 1684 3264 sensuale
1706 3226 1944 3265 externum
1971 3228 2062 3264 non
2086 3212 2353 3276 intelligitur

405 3281 542 3331 PARS
566 3281 648 3331 111.
1334 3281 1371 3330 Ρ
2172 3279 2360 3333 sensuale
