2840 3718
495 275 625 359 396
892 253 1138 337 Ἐ
1179 251 1796 337 xenis
1833 232 1963 336 'st-‚1

489 398 657 461 ligatur
686 378 808 460 quid
847 395 900 443 Iit
937 390 1063 458 quod
1103 409 1271 441 verum
1300 390 1450 442 veniat
1493 394 1540 440 in
1584 390 1711 441 su'am
1750 393 1934 452 lucem,
1968 393 2077 442 cum
2110 372 2238 444 amor
2278 396 2323 445 in
2362 395 2493 447 suurn

492 465 683 520 clarum,
718 479 823 526 quae
855 460 1163 524 significantur
1202 470 1281 526 per
1320 461 1448 526 quod
1482 459 1704 528 suffiretur
1741 460 1928 525 lingulis
1970 477 2118 519 mane,
2168 477 2275 511 cum
2309 463 2495 512 adorna

494 530 659 577 bantur
681 530 888 575 lucernae.

572 612 647 651 10,
655 612 762 643 202.
800 594 863 641 Et
902 594 947 640 in
988 591 1215 641 ascendere
1253 591 1458 642 faciendo
1495 593 1681 641 Aharon
1723 592 1923 641 lucernas
1962 594 2076 643 inter
2115 593 2313 659 vesperas
2353 592 2497 645 suffiet

497 660 628 717 illud,
664 661 788 724 quod
814 659 1035 723 significet
1057 656 1353 707 elevationem
1386 661 1522 708 etiarn
1563 662 1609 707 in
1634 661 1747 708 statu
1788 661 1952 708 amoris
1987 661 2179 709 obscuro
2213 677 2321 709 cum
2357 663 2494 710 etiam

497 726 673 774 Verum
697 726 793 774 est
783 743 827 773 1n
852 725 927 773 sua
957 726 1132 782 umbra,
1168 725 1337 774 constat
1361 741 1416 773 ex
1440 724 1765 788 fignificatio'ne.
1800 722 2032 774 ascendere
2053 727 2197 775 facere
2230 727 2303 775 seu
2334 744 2495 776 accen

497 793 602 841 dere
634 795 848 849 lucernas,
883 793 1010 856 quod
1036 792 1088 838 fit
1121 792 1334 839 illustrare
1354 794 1530 839 Divino
1545 792 1683 849 Vero,
1720 794 1769 840 ὅτ
1795 793 1898 839 inde
1929 788 2224 856 intelligentia
2252 795 2303 842 ὅτ
2325 794 2494 870 sapien-

495 861 572 916 tia,
609 860 665 906 de
706 875 794 923 qua
834 874 954 906 nunc
994 858 1122 922 supra
1147 874 1452 923 n·:10,195·,
1501 873 1556 905 ex
1596 859 1979 922 repraesentatione
2000 859 2240 915 Aharonis,
2280 856 2425 923 quod
2439 861 2494 909 fit

494 926 725 973 Dominus
761 926 910 989 quoad
952 925 1180 971 Divinum
1216 926 1416 982 Bonum,
1457 926 1506 972 δε
1543 925 1693 988 quoad
1735 941 1851 989 opus
1888 923 2157 982 salvationis,
2205 924 2261 972 de
2299 934 2388 990 qua
2427 943 2495 976 n.

492 998 625 1054 9800
669 993 806 1057 9966
844 1008 917 1048 10,
922 992 1050 1046 068,
1090 1006 1145 1038 ex
1172 991 1496 1054 significatione
1535 993 1649 1038 inter
1669 991 1885 1055 vesperas,
1925 991 2052 1054 quod
2077 991 2131 1038 sit
2159 990 2297 1039 status
2326 994 2492 1041 amoris

495 1057 726 1114 obscurUS,
763 1058 939 1106 &inde
964 1057 1097 1104 status
1119 1059 1214 1103 veri
1254 1060 1299 1104 in
1339 1058 1517 1113 umbra,
1558 1058 1615 1103 de
1651 1074 1740 1121 qua
1774 1074 2304 1122 n:10‚134.10,135;
2353 1058 2402 1105 δε
2436 1074 2494 1107 ex

495 1124 818 1187 fignificatione
842 1124 1003 1179 suffire,
1040 1125 1164 1186 quod
1190 1124 1243 1171 fit
1268 1120 1459 1171 elevatio
1481 1123 1646 1179 cultus,
1682 1124 1739 1171 de
1761 1140 1851 1187 qua
1874 1123 2004 1188 supra
2043 1127 2347 1189 n·10,··;198
2386 1124 2491 1173 inde

494 1203 635 1255 patet,
672 1190 795 1254 quod
821 1207 900 1254 per
923 1191 967 1236 in
992 1189 1221 1237 ascendere
1256 1189 1462 1237 faciendo
1497 1190 1697 1237 lucernas
1730 1191 1846 1237 inter
1867 1189 2067 1252 vesperas
2092 1189 2279 1239 Aharon
2303 1189 2491 1248 suffiret‚

493 1257 772 1319 significetur
793 1257 982 1303 elevatio
1005 1257 1215 1303 omnium
1246 1255 1394 1302 cultus
1428 1271 1453 1302 a
1477 1256 1685 1303 Domino
1720 1259 1767 1303 in
1792 1255 1905 1302 statu
1938 1257 2103 1303 amoris
2140 1252 2344 1314 obscuro,
2381 1270 2489 1304 curn

493 1326 629 1370 etiam
654 1338 813 1370 verum
838 1322 900 1370 est
925 1324 968 1368 in
994 1321 1067 1368 sua
1090 1321 1266 1369 umbra.
1335 1321 1592 1385 Qomodo
1632 1337 1740 1369 cum
1764 1321 1832 1369 his
1864 1321 1904 1368 se
1926 1321 2075 1378 habet,
2112 1321 2309 1370 constare
2344 1322 2491 1385 potest

490 1405 549 1438 ex
572 1389 657 1436 illis
686 1405 792 1453 quae
817 1404 927 1436 mox
950 1387 1081 1451 supra
1116 1404 1177 1435 n:
1204 1404 1395 1444 10‚200.
1432 1404 1504 1444 10,
1512 1405 1623 1443 201,
1662 1388 1784 1434 dicta
1817 1387 1953 1443 sunt,
1939 1409 1950 1420 ·
2000 1388 2126 1452 quod
2151 1383 2317 1452 nempe
2352 1387 2490 1436 status

491 1456 655 1503 amoris
678 1456 722 1501 in
747 1455 874 1502 coelis
897 1456 1123 1502 varientur
1147 1454 1260 1500 ficut
1284 1465 1487 1516 tempora
1509 1454 1597 1500 diei
1622 1455 1670 1501 δε
1693 1455 1793 1501 anni
1818 1455 1863 1501 in
1890 1453 2082 1510 mund0,
2106 1455 2155 1502 &
2178 1455 2303 1518 quod
2328 1469 2489 1502 verum

492 1522 541 1569 in
565 1521 639 1569 sua
665 1521 761 1568 luce
784 1520 838 1568 s1t
862 1521 971 1567 ficut
995 1519 1169 1567 bonum
1206 1519 1251 1566 in
1276 1518 1354 1567 suo
1378 1521 1537 1576 calore,
1578 1519 1664 1568 hoc
1688 1519 1768 1576 est,
1806 1521 1851 1566 in
1882 1518 1964 1567 suo
1983 1536 2168 1575 amore3
2216 1532 2491 1585 quapropter

494 1602 604 1635 curn
630 1603 757 1634 arnor
781 1603 872 1634 non
908 1588 970 1633 ita
992 1587 1036 1632 in
1062 1586 1141 1634 suo
1165 1585 1308 1633 calore
1330 1584 1410 1643 est,
1452 1587 1585 1633 etiam
1621 1585 1703 1633 nec
1727 1601 1887 1633 verum
1922 1588 1968 1632 in
1992 1583 2064 1632 sua
2083 1585 2195 1633 luce
2217 1585 2293 1636 est.
2364 1587 2491 1646 Quia

491 1656 554 1701 ita
581 1653 660 1709 est,
697 1653 862 1701 dicitur
895 1652 1107 1700 adornare
1140 1651 1341 1700 lucernas
1366 1668 1512 1708 mane,
1548 1651 1598 1698 δε
1633 1651 1864 1699 ascendere
1899 1647 2047 1701 facere
2075 1651 2274 1699 lucernas
2297 1652 2486 1715 vesperi,

489 1734 594 1767 nam
630 1719 858 1766 ascendere
897 1717 1038 1766 facere
1074 1717 1136 1765 est
1171 1719 1341 1767 elevare
1377 1719 1428 1766 &
1461 1732 1623 1782 augere
1665 1716 1820 1765 lucem
1855 1717 1950 1765 veri
1987 1728 2096 1765 tunc
2127 1729 2350 1781 quantum
2389 1718 2487 1767 fieri

524 1785 646 1834 otest.

487 1802 522 1851 P
561 1866 752 1916 10,203
789 1850 1112 1898 Suffimentum
1143 1848 1255 1914 juge
1279 1866 1435 1899 coram
1458 1849 1680 1911 Jehovah,
1717 1850 1843 1913 quod
1881 1849 2148 1914 fignificet'
2136 1867 2182 1897 m
2207 1850 2333 1897 omni
2358 1850 2488 1898 cultu

486 1933 544 1965 ex
566 1933 718 1964 amore
740 1935 763 1965 a
785 1918 1008 1974 Domino,
1046 1916 1217 1964 constat
1249 1933 1306 1964 ex
1332 1916 1653 1990 significatione
1692 1916 1951 1991 suffimenti,
1991 1916 2118 1980 quod
2159 1915 2212 1966 fit
2238 1915 2395 1963 cultus
2429 1932 2488 1964 ex

486 1999 654 2041 amore,
690 1983 747 2031 de
769 1999 857 2048 qua
894 2000 954 2030 n:
981 1998 1146 2048 9475,
1188 1999 1245 2031 ex
1269 1983 1593 2047 significatione
1617 1980 1760 2045 jugis,
1797 1983 1923 2046 quod
1945 1982 1998 2030 fit
2020 1998 2156 2030 omne
2179 1984 2226 2029 in
2248 1982 2393 2040 omni,
2429 1982 2490 2032 de

485 2066 576 2114 qua
610 2066 907 2113 n.1o,133
950 2050 999 2096 ὅτ
1034 2066 1090 2096 ex
1114 2049 1437 2112 significatione
1460 2064 1611 2096 coram
1635 2049 1856 2109 Jehovah,
1894 2049 2020 2113 quod
2042 2049 2097 2096 fit
2119 2065 2143 2096 a
2165 2049 2389 2106 Domino,
2427 2049 2486 2098 de

484 2132 574 2179 qua
608 2132 669 2164 n.
697 2118 886 2175 10,146.
957 2116 1138 2163 Dicitur
1162 2116 1309 2163 cultus
1333 2132 1388 2163 ex
1410 2131 1561 2163 amore
1584 2132 1608 2163 a
1632 2116 1854 2172 Domino,
1891 2117 2107 2179 quoniam
2132 2131 2157 2163 a
2178 2116 2389 2163 Domino
2419 2114 2484 2163 est

484 2184 534 2229 &
558 2198 683 2229 amor
707 2183 753 2229 ὅτ
780 2183 908 2238 fides,
932 2197 1037 2244 qure
1063 2183 1295 2229 essentialia
1320 2183 1466 2229 cultus
1491 2181 1607 2238 sunt,
1639 2181 1687 2228 &
1709 2198 1892 2247 quoque
1916 2198 1939 2229 a
1958 2182 2165 2229 Domino
2196 2181 2260 2228 est
2292 2178 2491 2229 elevatio.

485 2249 698 2295 omnium
722 2249 868 2295 cultus
904 2248 957 2293 ad
985 2247 1054 2295 se:
1103 2248 1244 2295 homo
1268 2250 1348 2311 qui
1389 2264 1479 2295 non
1517 2262 1674 2294 arcana
1697 2248 1805 2293 coeli
1846 2248 1991 2302 novit,
2027 2246 2303 2311 putatfluod
2334 2245 2483 2294 cultus

480 2314 540 2360 'fit
564 2313 619 2360 ab
642 2312 752 2376 ipso,
788 2315 892 2376 quia
915 2314 950 2358 is
975 2315 1145 2374 cogitat
1170 2314 1217 2358 &
1244 2314 1433 2368 adorat,
1475 2312 1536 2358 ast
1570 2313 1718 2358 cultus
1738 2314 1817 2374 qui
1851 2312 1908 2358 ab
1947 2312 2043 2374 ipso
2075 2312 2258 2358 homine
2293 2327 2383 2358 non
2417 2311 2483 2359 est

484 2379 649 2435 cultuS‚
691 2379 762 2426 sed
789 2381 868 2442 qui
906 2377 968 2424 est
1004 2395 1027 2424 a
1051 2379 1259 2425 Domino
1299 2378 1420 2441 apud
1454 2377 1720 2433 hominem,
1756 2392 1884 2423 amor
1923 2378 2044 2423 enim
2084 2377 2134 2424 δε
2167 2376 2299 2423 fides
2311 2376 2483 2425 faciunt

488 2445 682 2500 cultum,
719 2446 765 2492 &
793 2461 900 2491 cum
925 2460 1054 2491 amor
1077 2446 1124 2491 δε
1149 2443 1260 2491 fides
1291 2444 1391 2491 sunt
1414 2461 1438 2490 a
1460 2444 1684 2502 Domino,
1723 2444 1859 2490 etiarn
1884 2442 2031 2489 cultus
2054 2442 2117 2490 est
2139 2442 2196 2488 ab
2216 2442 2357 2505 Ipso·²
2359 2466 2362 2469 ·
2396 2456 2479 2492 nee

483 2511 627 2558 horno
650 2509 795 2574 potest
815 2511 984 2557 elevare
1008 2510 1176 2573 aliquid
1201 2526 1226 2555 a
1249 2510 1320 2557 se
1310 2526 1356 2556 in
1378 2509 1568 2565 coelum,
1594 2508 1666 2556 sed
1690 2509 1921 2556 Dominus
1942 2508 2084 2555 elevat
2108 2508 2189 2563 id,
2226 2509 2271 2555 in
2295 2509 2482 2558 homine

484 2576 628 2624 solum
661 2575 724 2622 est
747 2576 928 2624 facultas
952 2588 1002 2623 ut
1027 2577 1070 2622 id
1098 2578 1228 2639 poflit
1263 2577 1377 2632 fieri,
1418 2592 1505 2639 qua
1528 2575 1721 2622 donatur
1760 2591 1867 2621 cum
1904 2587 2204 2638 regeneratur,
2245 2590 2305 2622 n:
2333 2574 2478 2635 6148,

486 2655 531 2689 at
553 2658 689 2689 omne
713 2643 914 2688 aestivum
951 2644 999 2689 &
1025 2643 1186 2688 vivum
1219 2641 1438 2689 facultatis
1479 2641 1598 2688 illius
1638 2658 1664 2687 a
1690 2642 1923 2688 Domino:
1962 2641 2089 2704 quod
2123 2640 2214 2703 ipsa
2237 2642 2331 2688 vita
2369 2639 2423 2688 fit
2452 2657 2479 2689 a

485 2709 710 2763 Domino,
735 2709 781 2754 &
806 2707 931 2769 quod
956 2708 1096 2753 horno
1130 2708 1178 2753 &
1209 2708 1393 2769 angelus
1425 2707 1508 2753 fint
1533 2706 1695 2754 formae
1719 2707 1995 2769 recipientes,
2021 2706 2226 2754 videatur
2249 2722 2475 2771 n11954;

487 2789 628 2823 2021·
656 2773 797 2835 2536·
819 2776 962 2834 2706
990 2787 1131 2834 3001-
1154 2778 1294 2833 3318·
1322 2776 1464 2835 3484
1490 2779 1631 2835 3741-
1661 2789 1803 2836 3741·
1832 2788 1974 2836 3743·
2001 2789 2145 2834 4151·
2165 2790 2310 2836 4249·
2329 2778 2473 2838 4318·

484 2856 628 2903 4319·
653 2852 796 2901 4320
822 2854 966 2900 4417
985 2853 1130 2900 4533
1150 2854 1295 2899 4534·
1323 2840 1465 2897 4881·
1495 2840 1639 2901 5847·
1665 2838 1808 2904 5986
1822 2840 1971 2903 6325·
1998 2840 2141 2904 6467
2164 2837 2304 2899 6468
2333 2836 2475 2903 6470·

487 2907 629 2970 6472
657 2905 799 2974 6479·
827 2908 969 2969 9338

559 2978 747 3030 10,204'..
785 2971 836 3017 In
875 2970 1175 3034 generationes
1200 2968 1379 3024 vestraS,
1424 2970 1550 3032 quod
1590 2970 1619 3017 s
1624 2969 1832 3033 gnificet
1850 2970 1896 3017 in
1933 2982 2155 3018 aeternum
2193 2968 2278 3015 illis
2310 2969 2391 3031 qui
2427 2969 2475 3016 in

459 3037 574 3084 .fide
596 3052 652 3084 ex
675 3052 843 3111 amore,
878 3035 1046 3083 constat
1068 3051 1123 3082 ex
1148 3035 1471 3099 significatione
1495 3039 1854 3099 generationum,
1886 3037 2011 3100 quod
2037 3037 2121 3083 lint
2142 3033 2216 3080 illa
2238 3049 2343 3097 quae
2367 3034 2474 3082 fidei

483 3105 533 3150 δε
564 3104 744 3157 amoris,
787 3103 843 3150 de
866 3118 955 3165 qua
994 3118 1056 3150 n:
1082 3104 1189 3165 613.
1219 3117 1359 3151 2020.
1388 3107 1532 3163 2584
1558 3104 1703 3168 6239.
1730 3118 1876 3169 9·.042
1904 3118 2046 3167 9079.
2073 3106 2237 3166 9845;
2274 3100 2475 3164 &qnod

480 3170 528 3215 in
556 3168 863 3232 generationes
886 3168 973 3215 fit
963 3184 1008 3215 m
1031 3179 1274 3225 aeternum,
1315 3184 1371 3214 n:
1392 3173 1538 3231 9789.
2363 3230 2412 3279 N

2152 3246 2343 3294 10,205.
2413 3246 2474 3280 on
