2840 3718
471 220 475 224 ·
557 186 890 253 CAPUT
933 179 1497 251 VIGESIMUM
1539 176 2071 244 SEPTIMUM.
2225 191 2347 254 105

387 326 576 382 ¹9712.
618 315 819 368 Ultimo
850 314 1010 386 agitur
1043 314 1106 366 de
1129 314 1266 368 bono
1301 309 1563 371 charitatiS‚
1602 325 1691 379 per
1716 304 1854 377 quod
1883 303 2071 357 coelum
2096 300 2343 384 spirituale

336 382 389 439 in
414 387 538 438 veris
566 387 682 441 fidei
715 389 1078 461 illuminatur-a
1105 387 1352 448 Domum,
1379 384 1486 438 haec
1512 381 1845 457 significantur
1869 397 1956 452 per
1980 374 2152 429 oleum
2177 374 2334 433 ohvae,

337 474 397 511 ac
421 479 510 532 per
536 462 824 518 Luminare.

1258 627 2333 690 QQQQOQQ

332 637 791 681 &Osa-2299
838 645 1251 686 ‹ntfflsos

490 680 640 693 -ὐ-

726 809 1179 874 SENSUS
1251 808 1940 870 INTERNUS.

332 981 607 1103 9713.V
625 980 722 1028 ER
735 981 794 1028 S:
822 998 840 1028 1
877 980 932 1028 ad
962 982 1005 1026 8.
1042 980 1106 1026 Et
1116 978 1258 1040 facies
1279 977 1434 1025 Altare
1468 978 1595 1040 lignis
1617 977 1832 1034 Schittim,
1873 977 2048 1041 quinque
2085 976 2218 1023 cubiti
2238 975 2327 1022 lon·

636 1043 789 1108 gitudo
828 1045 884 1095 ΕΞ
907 1046 1084 1109 quinque
1117 1045 1250 1091 cubiti
1282 1043 1467 1092 latitudo
1484 1062 1500 1091 .·
1546 1044 1803 1108 quadratum
1833 1046 1917 1091 erit
1938 1044 2110 1099 Altare,
2153 1041 2210 1090 &
2242 1050 2329 1087 tres

330 1114 467 1162 cubiti
497 1110 681 1158 altitudo
717 1112 819 1174 q'us.
896 1114 955 1160 Et
985 1111 1126 1173 facies
1161 1126 1318 1157 cornua
1354 1111 1443 1172 ejus
1458 1110 1592 1173 super
1628 1119 1812 1174 quatuor
1832 1109 2000 1171 angulis
2037 1111 2140 1171 q'us,
2175 1124 2225 1156 ex
2257 1107 2330 1153 illo

329 1189 455 1227 erunt
477 1193 634 1225 cornua
657 1179 779 1240 φας
815 1177 871 1226 {9²
894 1177 1064 1224 obduces
1083 1175 1305 1224 illud'aere.
1377 1177 1440 1222 Et
1459 1175 1600 1238 facies
1630 1176 1777 1223 lebetes
1800 1176 1888 1238 ejus
1919 1177 1979 1221 ad
2009 1173 2326 1222 decinerandum

330 1243 454 1300 illud,
489 1243 544 1292 ἐξ
571 1243 711 1305 palas,
747 1245 804 1295 ὅ)
828 1253 1011 1291 crateres
1043 1243 1149 1305 q'us,
1187 1243 1242 1292 Q?
1268 1242 1511 1304 fuscinulas
1542 1243 1648 1304 ejus,
1683 1241 1739 1290 δέ’
1764 1242 1955 1303 forcipes
1992 1242 2097 1304 ejus,
2141 1239 2327 1287 omnibus

330 1311 445 1369 vafis
478 1311 566 1373 ejus
586 1311 727 1372 facies
749 1326 820 1357 aes.
877 1312 953 1365 ,Et
966 1311 1107 1373 facies
1129 1310 1168 1356 ei
1190 1309 1390 1364 cribrum,
1431 1319 1532 1369 opus
1553 1311 1673 1364 retis,
1707 1324 1805 1364 aere,
1842 1308 1898 1356 &
1917 1306 2060 1368 facies
2080 1307 2212 1368 super
2244 1308 2328 1353 reti

328 1385 514 1441 quatuor
534 1376 710 1423 annulos
729 1378 828 1430 cris
849 1377 983 1440 super
1003 1385 1186 1442 quatuor
1207 1374 1546 1422 extremitatibus
1577 1375 1678 1436 ejus.
1749 1376 1812 1421 Et
1844 1373 1967 1421 dabis
1994 1373 2106 1420 'illud
2122 1373 2207 1435 sub
2235 1390 2328 1420 am-

329 1444 429 1506 bitu
446 1442 617 1489 AEta'ris
649 1441 852 1506 deorsum,
887 1441 944 1490 δ’
976 1444 1059 1489 erit
1097 1451 1185 1488 rete
1221 1442 1345 1505 usque
1378 1441 1439 1488 ad
1473 1439 1650 1488 medium
1680 1439 1850 1486 altaris.
1918 1442 1980 1485 Et
2009 1439 2150 1500 facies
2187 1444 2326 1488 vettes

330 1507 498 1566 Altari,
519 1512 671 1561 ,vectes
701 1508 828 1571 lignis
850 1507 1063 1564 Schittim,
1100 1507 1155 1557 ξεῖ
1178 1507 1348 1554 obduces
1381 1506 1475 1553 illos
1495 1522 1591 1554 aere.
1663 1507 1726 1553 Et
1760 1506 2042 1552 immittentur
2064 1510 2201 1552 venes
2239 1507 2327 1567 ejus
2368 1520 2373 1521 ⁷

328 1576 376 1621 in
410 1573 600 1630 annulos,
649 1573 705 1622 ἔθ’
746 1583 872 1621 erunt
908 1578 1046 1622 veHes
1066 1573 1200 1637 super
1237 1573 1396 1621 duobus
1433 1573 1636 1620 lateribus
1657 1572 1826 1619 Altaris
1874 1573 1921 1617 in
1957 1571 2169 1633 portando
2204 1571 2325 1619 illud.

328 1641 496 1688 Cavum
526 1639 768 1687 tabulatum
784 1641 927 1702 facies
947 1639 1067 1695 illud,
1109 1639 1446 1704 quemadmodum
1491 1639 1630 1702 visum
1666 1639 1749 1685 tibi
1780 1640 1827 1685 in
1859 1649 2011 1692 monte,
2052 1639 2119 1683 ita
2140 1637 2326 1699 facient.

329 1706 395 1754 Et
427 1705 559 1766 facies
576 1705 755 1765 Altam,
797 1706 1016 1770 fignificat
1049 1705 1460 1771 repraesentatimm
1483 1705 1677 1752 Domini
1712 1704 1762 1752 &
1795 1703 1943 1751 cultus
1967 1702 2142 1766 Ipsius:
2190 1704 2327 1766 lignis

331 1772 562 1836 Schittim,
598 1772 819 1835 fignificat
842 1771 1096 1837 justitiam:
1142 1773 1343 1836 quinque
1378 1772 1518 1818 cubiti
1555 1770 1817 1834 longitudo,
1856 1770 1907 1817 &
1944 1771 2144 1834 quinque
2185 1771 2327 1817 cubiti

328 1836 539 1898 latitudo,
574 1838 797 1903 fignificat
833 1855 964 1903 aeque
986 1839 1043 1886 ex
1066 1838 1189 1886 bono
1222 1839 1272 1886 δε
1295 1854 1349 1885 ex
1373 1853 1512 1886 vero:
1561 1837 1832 1900 quadratum
1873 1837 1957 1883 erit
1983 1835 2155 1893 Altare,
2189 1835 2328 1899 figni-

329 1904 437 1952 ficat
469 1905 530 1952 fic
557 1903 765 1967 justum:
812 1907 861 1953 δε
883 1918 973 1954 tres
1002 1905 1144 1953 cubiti
1175 1904 1367 1952 altitudo
1399 1902 1513 1968 ejuS,
1554 1902 1775 1966 fignificat
1813 1902 2000 1967 plenum
2036 1902 2187 1964 quoad
2222 1918 2327 1964 gra-

328 1971 416 2017 dus
436 1989 447 2018 :
493 1971 543 2017 δε
567 1970 698 2017 facies
722 1987 888 2018 cornua
909 1969 1022 2035 eJus,
1062 1971 1286 2033 fignificat
1308 1971 1557 2033 potentiam
1578 1988 1589 2017 :
1631 1969 1760 2033 super
1791 1981 1985 2031 quatuor
2008 1968 2187 2031 angulis
2210 1966 2323 2031 ejus,

330 2035 554 2099 fignificat
591 2036 939 2083 omnimodam:
1002 2051 1059 2083 ex
1095 2035 1175 2082 illo
1212 2047 1343 2082 erunt
1375 2051 1561 2092 cornua,
1601 2034 1826 2098 fignificat
1864 2035 1991 2097 quod
2032 2034 2230 2096 potentia
2268 2050 2324 2081 ex

330 2101 482 2150 bono:
517 2101 567 2150 &
590 2101 790 2148 obduces
813 2101 928 2148 i1lud
950 2117 1054 2158 aere,
1080 2101 1302 2163 fignificat
1323 2100 1735 2164 repraesentativum
1761 2100 1866 2147 boni
1886 2119 1897 2147 :
1934 2101 1984 2147 δε
2008 2098 2140 2146 facies
2162 2099 2325 2148 lebetes

322 2166 422 2232 ‘ejus
454 2167 510 2214 ad
534 2167 882 2214 decinerandum
909 2167 1038 2223 illud,
1074 2167 1295 2230 fignificat
1318 2167 1594 2214 removenda
1627 2165 1729 2230 post
1741 2165 1878 2225 usus:
1928 2166 1977 2213 δι
2001 2166 2120 2229 palas
2155 2167 2204 2213 δε
2225 2182 2322 2213 cra-

329 2246 443 2282 teres
475 2234 527 2281 &
562 2230 800 2280 fuscinulas
838 2230 934 2295 ejus
967 2235 1017 2281 &
1054 2231 1248 2295 forcipes
1285 2231 1397 2296 ejus,
1439 2232 1661 2296 fignificat
1694 2231 1933 2279 scientifica
1964 2233 2238 2280 continentia
2271 2234 2321 2279 δε

327 2300 455 2347 omni
493 2297 591 2346 usui
631 2297 940 2346 inservientia:
1003 2299 1216 2346 omnibus
1254 2299 1367 2346 vasis
1405 2295 1500 2360 ejus
1540 2297 1672 2345 facies
1711 2313 1789 2355 aes,
1847 2297 2069 2361 fignificat
2105 2314 2161 2344 ex
2198 2297 2321 2346 bono

326 2367 506 2414 omnia:
559 2367 606 2412 &
632 2363 764 2412 facies
785 2367 825 2412 ei
848 2365 1067 2422 cribrum,
1101 2380 1217 2428 opus
1241 2366 1362 2422 retis,
1403 2364 1626 2428 fignificat
1659 2363 1867 2421 sensuale,
1907 2364 2034 2427 quod
2069 2363 2319 2411 ultimum:

324 2448 430 2488 aere,
466 2431 684 2494 fignificat
706 2431 832 2495 quod
854 2433 990 2479 etiam
1011 2446 1069 2478 ex
1091 2431 1214 2480 bono
1233 2449 1244 2480 :
1283 2433 1334 2479 δε
1358 2429 1493 2478 facies
1515 2430 1646 2494 super
1669 2431 1750 2477 reti
1772 2442 1966 2492 quatuor
1988 2429 2175 2477 annulos
2198 2434 2317 2488 aeris,

326 2496 546 2559 fignificat
568 2496 786 2560 sphaeram
823 2497 932 2545 boni
968 2513 1048 2560 per
1070 2513 1210 2560 quam
1244 2494 1538 2559 conjunffio:
1584 2495 1712 2560 super
1733 2507 1926 2559 quatuor
1957 2496 2315 2543 extremitatibus

324 2561 438 2628 ejus,
474 2562 692 2625 fignificat
714 2563 894 2611 ubivis:
935 2564 986 2610 δε
1022 2563 1148 2610 dabis
1182 2562 1295 2610 illud
1328 2562 1409 2610 sub
1445 2562 1619 2610 ambitu
1653 2563 1796 2610 altaris
1828 2560 2054 2618 deorsum,
2095 2562 2318 2627 fignificat

327 2628 484 2676 hocin
506 2628 708 2685 ultimis:
749 2631 796 2678 &
820 2631 904 2677 erit
935 2641 1026 2676 rete
1060 2628 1197 2693 usque
1229 2629 1286 2676 ad
1320 2629 1527 2676 medium
1558 2629 1724 2685 altaris,
1759 2627 1979 2691 fignificat
2011 2626 2315 2675 extensionem

325 2694 528 2743 sensualis
548 2712 559 2742 :
604 2696 652 2742 δῑ
672 2695 806 2750 ,facies
834 2695 982 2743 vectes
1003 2695 1143 2752 altari,
1167 2694 1388 2758 fignificat
1410 2696 1658 2759 potentiam
1684 2693 1944 2753 continendi
1969 2695 2012 2741 in
2038 2693 2151 2741 statu
2175 2693 2282 2742 boni
2302 2713 2313 2743 :

325 2762 475 2809 vestes
496 2760 631 2824 lignis
654 2761 882 2818 Schittim,
916 2761 1137 2825 fignificat
1164 2760 1337 2808 bonum
1362 2760 1571 2823 justitiae:
1611 2763 1661 2809 &
1686 2760 1883 2808 obduces
1911 2760 2010 2807 illos
2039 2776 2144 2816 aere,
2179 2760 2314 2823 figni-

324 2827 432 2875 ficat
454 2825 864 2889 repraesentativum
887 2827 1023 2875 boni:
1077 2829 1127 2875 δε
1159 2829 1462 2875 immittentur
1484 2827 1632 2874 vectes
1663 2825 1757 2891 ejus
1783 2828 1829 2874 in
1850 2826 2054 2882 annulos,
2094 2827 2316 2890 fignificat

247 2895 250 2898 ’
325 2894 575 2956 potentiam
616 2890 806 2955 sp’hae'rae
825 2894 982 2940 Divini
1005 2894 1152 2941 Boni:
1197 2894 1248 2940 &
1287 2906 1419 2940 erunt
1439 2894 1590 2942 vestes
1629 2891 1760 2958 super
1794 2892 1985 2952 duobus¹
2006 2892 2215 2939 lateribus
2249 2892 2311 2939 al-

325 2961 447 3016 taris,
483 2957 704 3022 fignificat
744 2960 994 3022 potentiam
1033 2958 1451 3020 boniper'verum
1487 2961 1537 3007 &
1575 2959 1670 3006 veri
1713 2974 1769 3006 ex
1809 2958 1930 3006 bono
1950 2977 1971 3006 :.
2010 2958 2056 3005 in
2092 2958 2314 3021 portando

327 3025 457 3080 illud,
492 3024 713 3087 fignificat
750 3023 1025 3081 existentiam
1048 3025 1098 3072 δε
1122 3023 1471 3073 subsistentiam:
1515 3041 1680 3073 cavum
1718 3024 1969 3073 tabulatum
2011 3022 2141 3071 facies
2181 3024 2311 3080 illud,

328 3090 550 3153 fignificat
586 3090 963 3154 applicationem:
989 3149 992 3154 ,
1014 3089 1406 3154 quemadmodum
1445 3091 1593 3140 visum
1628 3092 1710 3140 tibi
1743 3093 1791 3140 in
1831 3102 2003 3149 monte,
2038 3091 2098 3138 ita
2135 3087 2315 3147 facient,

328 3154 549 3219 fignificat
581 3171 637 3203 ex
659 3157 1053 3223 correspondentia
1074 3155 1354 3210 Divinorum
1389 3159 1436 3204 in
1463 3159 1598 3207 coelo,

395 3223 535 3302 Palis
558 3222 642 3277 111.
1026 3235 1030 3237 ·
1372 3224 1420 3270 O
2098 3236 2240 3288 9714.
2264 3221 2331 3271 Et
