<?xml version="1.0" encoding="UTF-8"?>
<!DOCTYPE html PUBLIC "-//W3C//DTD XHTML 1.0 Transitional//EN"
    "http://www.w3.org/TR/xhtml1/DTD/xhtml1-transitional.dtd">
<html xmlns="http://www.w3.org/1999/xhtml" xml:lang="en" lang="en">
 <head>
  <title>
</title>
<meta http-equiv="Content-Type" content="text/html;charset=utf-8" />
  <meta name='ocr-system' content='tesseract 3.04.00' />
  <meta name='ocr-capabilities' content='ocr_page ocr_carea ocr_par ocr_line ocrx_word'/>
</head>
<body>
  <div class='ocr_page' id='page_1' title='image "arcanacaelestiaq08sweduoft_0273.png"; bbox 0 0 2840 3718; ppageno 0'>
   <div class='ocr_carea' id='block_1_1' title="bbox 664 215 2392 308">
    <p class='ocr_par' dir='ltr' id='par_1_1' title="bbox 664 215 2392 308">
     <span class='ocr_line' id='line_1_1' title="bbox 664 215 2392 308; baseline -0.004 -25"><span class='ocrx_word' id='word_1_1' title='bbox 664 218 1014 285; x_wconf 84' lang='lat' dir='ltr'><strong>CAPUT</strong></span> <span class='ocrx_word' id='word_1_2' title='bbox 1065 217 1639 308; x_wconf 81' lang='lat' dir='ltr'>·VIGE.81MUM</span> <span class='ocrx_word' id='word_1_3' title='bbox 1686 216 2094 283; x_wconf 55' lang='lat' dir='ltr'><strong>‘NONUM</strong></span> <span class='ocrx_word' id='word_1_4' title='bbox 2258 215 2392 298; x_wconf 87' lang='grc'><strong>269</strong></span> 
     </span>
    </p>
   </div>
   <div class='ocr_carea' id='block_1_2' title="bbox 366 342 2397 3262">
    <p class='ocr_par' dir='ltr' id='par_1_2' title="bbox 366 342 2397 3262">
     <span class='ocr_line' id='line_1_2' title="bbox 386 342 2397 406; baseline -0.003 -8"><span class='ocrx_word' id='word_1_5' title='bbox 386 346 652 398; x_wconf 76' lang='lat' dir='ltr'>immittitur</span> <span class='ocrx_word' id='word_1_6' title='bbox 686 346 732 396; x_wconf 87' lang='lat' dir='ltr'>in</span> <span class='ocrx_word' id='word_1_7' title='bbox 756 346 921 396; x_wconf 77' lang='lat' dir='ltr'>statum</span> <span class='ocrx_word' id='word_1_8' title='bbox 955 344 1262 401; x_wconf 85' lang='lat' dir='ltr'>innocentiae·,</span> <span class='ocrx_word' id='word_1_9' title='bbox 1306 343 1381 391; x_wconf 86' lang='lat' dir='ltr'>sed</span> <span class='ocrx_word' id='word_1_10' title='bbox 1422 343 1469 392; x_wconf 89' lang='lat' dir='ltr'>in</span> <span class='ocrx_word' id='word_1_11' title='bbox 1507 342 1672 391; x_wconf 85' lang='lat' dir='ltr'>flatum</span> <span class='ocrx_word' id='word_1_12' title='bbox 1694 342 1969 394; x_wconf 85' lang='lat' dir='ltr'>innocentiae</span> <span class='ocrx_word' id='word_1_13' title='bbox 2007 350 2232 397; x_wconf 74' lang='lat' dir='ltr'>externae,</span> <span class='ocrx_word' id='word_1_14' title='bbox 2254 358 2397 406; x_wconf 80' lang='lat' dir='ltr'>poene</span> 
     </span>
     <span class='ocr_line' id='line_1_3' title="bbox 382 407 2388 478; baseline -0.003 -16"><span class='ocrx_word' id='word_1_15' title='bbox 382 414 528 478; x_wconf 89' lang='lat' dir='ltr'>qualis</span> <span class='ocrx_word' id='word_1_16' title='bbox 560 413 625 462; x_wconf 90' lang='lat' dir='ltr'>est</span> <span class='ocrx_word' id='word_1_17' title='bbox 664 412 910 469; x_wconf 85' lang='lat' dir='ltr'>infantum,</span> <span class='ocrx_word' id='word_1_18' title='bbox 946 413 1116 461; x_wconf 85' lang='lat' dir='ltr'>horum</span> <span class='ocrx_word' id='word_1_19' title='bbox 1151 411 1406 459; x_wconf 87' lang='lat' dir='ltr'>innocentia</span> <span class='ocrx_word' id='word_1_20' title='bbox 1443 408 1508 457; x_wconf 91' lang='lat' dir='ltr'>est</span> <span class='ocrx_word' id='word_1_21' title='bbox 1541 411 1797 458; x_wconf 83' lang='lat' dir='ltr'>innocent-ia</span> <span class='ocrx_word' id='word_1_22' title='bbox 1829 421 2027 465; x_wconf 82' lang='lat' dir='ltr'>externa,</span> <span class='ocrx_word' id='word_1_23' title='bbox 2072 424 2179 472; x_wconf 87' lang='lat' dir='ltr'>quae</span> <span class='ocrx_word' id='word_1_24' title='bbox 2219 407 2388 456; x_wconf 85' lang='lat' dir='ltr'>habitat</span> 
     </span>
     <span class='ocr_line' id='line_1_4' title="bbox 383 475 2388 546; baseline -0.003 -18"><span class='ocrx_word' id='word_1_25' title='bbox 383 481 429 528; x_wconf 90' lang='lat' dir='ltr'>in</span> <span class='ocrx_word' id='word_1_26' title='bbox 455 481 739 546; x_wconf 82' lang='lat' dir='ltr'>ignorantia;</span> <span class='ocrx_word' id='word_1_27' title='bbox 786 481 859 527; x_wconf 90' lang='lat' dir='ltr'>hic</span> <span class='ocrx_word' id='word_1_28' title='bbox 883 479 1018 527; x_wconf 88' lang='lat' dir='ltr'>status</span> <span class='ocrx_word' id='word_1_29' title='bbox 1057 478 1121 526; x_wconf 90' lang='lat' dir='ltr'>est</span> <span class='ocrx_word' id='word_1_30' title='bbox 1143 477 1330 541; x_wconf 85' lang='lat' dir='ltr'>planum</span> <span class='ocrx_word' id='word_1_31' title='bbox 1357 491 1495 525; x_wconf 85' lang='lat' dir='ltr'>novae</span> <span class='ocrx_word' id='word_1_32' title='bbox 1519 476 1630 524; x_wconf 84' lang='lat' dir='ltr'>vitae</span> <span class='ocrx_word' id='word_1_33' title='bbox 1669 491 1776 523; x_wconf 90' lang='lat' dir='ltr'>cum</span> <span class='ocrx_word' id='word_1_34' title='bbox 1812 475 1956 528; x_wconf 86' lang='lat' dir='ltr'>homo</span> <span class='ocrx_word' id='word_1_35' title='bbox 1991 486 2290 538; x_wconf 82' lang='lat' dir='ltr'>regeneratur,</span> <span class='ocrx_word' id='word_1_36' title='bbox 2323 475 2388 522; x_wconf 85' lang='lat' dir='ltr'>est</span> 
     </span>
     <span class='ocr_line' id='line_1_5' title="bbox 383 542 2386 605; baseline -0.004 -10"><span class='ocrx_word' id='word_1_37' title='bbox 383 548 520 601; x_wconf 73' lang='lat' dir='ltr'>etiam</span> <span class='ocrx_word' id='word_1_38' title='bbox 545 547 687 596; x_wconf 88' lang='lat' dir='ltr'>homo</span> <span class='ocrx_word' id='word_1_39' title='bbox 711 559 820 593; x_wconf 84' lang='lat' dir='ltr'>tunc</span> <span class='ocrx_word' id='word_1_40' title='bbox 845 545 958 592; x_wconf 85' lang='lat' dir='ltr'>ficut</span> <span class='ocrx_word' id='word_1_41' title='bbox 982 543 1144 601; x_wconf 89' lang='lat' dir='ltr'>infans,</span> <span class='ocrx_word' id='word_1_42' title='bbox 1178 559 1286 592; x_wconf 86' lang='lat' dir='ltr'>nam</span> <span class='ocrx_word' id='word_1_43' title='bbox 1320 558 1428 590; x_wconf 89' lang='lat' dir='ltr'>cum</span> <span class='ocrx_word' id='word_1_44' title='bbox 1454 554 1754 605; x_wconf 79' lang='lat' dir='ltr'>regeneratur,</span> <span class='ocrx_word' id='word_1_45' title='bbox 1791 553 1902 589; x_wconf 88' lang='lat' dir='ltr'>tunc</span> <span class='ocrx_word' id='word_1_46' title='bbox 1924 558 1949 589; x_wconf 90' lang='lat' dir='ltr'>e</span> <span class='ocrx_word' id='word_1_47' title='bbox 1966 557 2090 589; x_wconf 90' lang='lat' dir='ltr'>novo</span> <span class='ocrx_word' id='word_1_48' title='bbox 2113 542 2386 605; x_wconf 86' lang='lat' dir='ltr'>concipitur,</span> 
     </span>
     <span class='ocr_line' id='line_1_6' title="bbox 382 607 2386 672; baseline -0.003 -10"><span class='ocrx_word' id='word_1_49' title='bbox 382 613 595 671; x_wconf 61' lang='lat' dir='ltr'>nascitur,</span> <span class='ocrx_word' id='word_1_50' title='bbox 626 612 682 658; x_wconf 82' lang='lat' dir='ltr'>fit</span> <span class='ocrx_word' id='word_1_51' title='bbox 718 610 882 666; x_wconf 74' lang='lat' dir='ltr'>infans,</span> <span class='ocrx_word' id='word_1_52' title='bbox 917 611 1149 667; x_wconf 82' lang='lat' dir='ltr'>adolescit,</span> <span class='ocrx_word' id='word_1_53' title='bbox 1183 608 1310 672; x_wconf 85' lang='lat' dir='ltr'>quod</span> <span class='ocrx_word' id='word_1_54' title='bbox 1351 609 1405 655; x_wconf 83' lang='lat' dir='ltr'>fit</span> <span class='ocrx_word' id='word_1_55' title='bbox 1448 623 1528 671; x_wconf 90' lang='lat' dir='ltr'>per</span> <span class='ocrx_word' id='word_1_56' title='bbox 1567 624 1730 655; x_wconf 89' lang='lat' dir='ltr'>verum</span> <span class='ocrx_word' id='word_1_57' title='bbox 1775 608 2095 671; x_wconf 87' lang='lat' dir='ltr'>implantatum</span> <span class='ocrx_word' id='word_1_58' title='bbox 2131 607 2291 663; x_wconf 74' lang='lat' dir='ltr'>bono·5</span> <span class='ocrx_word' id='word_1_59' title='bbox 2336 610 2386 655; x_wconf 85' lang='lat'>&amp;</span> 
     </span>
     <span class='ocr_line' id='line_1_7' title="bbox 376 674 2387 743; baseline -0.002 -18"><span class='ocrx_word' id='word_1_60' title='bbox 376 679 604 743; x_wconf 67' lang='lat' dir='ltr'>quantum</span> <span class='ocrx_word' id='word_1_61' title='bbox 641 690 751 724; x_wconf 83' lang='lat' dir='ltr'>tunc</span> <span class='ocrx_word' id='word_1_62' title='bbox 783 678 831 723; x_wconf 87' lang='lat' dir='ltr'>in</span> <span class='ocrx_word' id='word_1_63' title='bbox 855 678 1107 739; x_wconf 88' lang='lat' dir='ltr'>genuinum</span> <span class='ocrx_word' id='word_1_64' title='bbox 1145 676 1338 730; x_wconf 88' lang='lat' dir='ltr'>bonum,</span> <span class='ocrx_word' id='word_1_65' title='bbox 1381 688 1558 722; x_wconf 83' lang='lat' dir='ltr'>tantum</span> <span class='ocrx_word' id='word_1_66' title='bbox 1599 676 1645 721; x_wconf 88' lang='lat' dir='ltr'>in</span> <span class='ocrx_word' id='word_1_67' title='bbox 1683 674 1859 721; x_wconf 85' lang='lat' dir='ltr'>bonurn</span> <span class='ocrx_word' id='word_1_68' title='bbox 1892 675 2161 721; x_wconf 68' lang='lat' dir='ltr'>innocentiae</span> <span class='ocrx_word' id='word_1_69' title='bbox 2195 676 2387 722; x_wconf 83' lang='lat' dir='ltr'>internae</span> 
     </span>
     <span class='ocr_line' id='line_1_8' title="bbox 381 739 2383 807; baseline -0.002 -17"><span class='ocrx_word' id='word_1_70' title='bbox 381 747 523 801; x_wconf 71' lang='lat' dir='ltr'>venit,</span> <span class='ocrx_word' id='word_1_71' title='bbox 557 759 664 807; x_wconf 87' lang='lat' dir='ltr'>quae</span> <span class='ocrx_word' id='word_1_72' title='bbox 687 739 943 791; x_wconf 86' lang='lat' dir='ltr'>innocentia</span> <span class='ocrx_word' id='word_1_73' title='bbox 976 741 1142 790; x_wconf 86' lang='lat' dir='ltr'>habitat</span> <span class='ocrx_word' id='word_1_74' title='bbox 1176 743 1222 788; x_wconf 90' lang='lat' dir='ltr'>in</span> <span class='ocrx_word' id='word_1_75' title='bbox 1246 742 1483 804; x_wconf 87' lang='lat' dir='ltr'>sapientia:</span> <span class='ocrx_word' id='word_1_76' title='bbox 1533 742 1582 788; x_wconf 85' lang='lat'>&amp;</span> <span class='ocrx_word' id='word_1_77' title='bbox 1620 742 1726 804; x_wconf 86' lang='lat' dir='ltr'>quia</span> <span class='ocrx_word' id='word_1_78' title='bbox 1750 741 2052 803; x_wconf 84' lang='lat' dir='ltr'>Regeneratio</span> <span class='ocrx_word' id='word_1_79' title='bbox 2093 739 2383 788; x_wconf 87' lang='lat' dir='ltr'>hominisest</span> 
     </span>
     <span class='ocr_line' id='line_1_9' title="bbox 380 806 2378 874; baseline -0.003 -17"><span class='ocrx_word' id='word_1_80' title='bbox 380 812 535 874; x_wconf 86' lang='lat' dir='ltr'>imago</span> <span class='ocrx_word' id='word_1_81' title='bbox 568 810 910 873; x_wconf 87' lang='lat' dir='ltr'>glorificationis</span> <span class='ocrx_word' id='word_1_82' title='bbox 932 809 1142 865; x_wconf 88' lang='lat' dir='ltr'>Domini,</span> <span class='ocrx_word' id='word_1_83' title='bbox 1176 820 1315 871; x_wconf 87' lang='lat' dir='ltr'>patet,</span> <span class='ocrx_word' id='word_1_84' title='bbox 1351 808 1478 871; x_wconf 89' lang='lat' dir='ltr'>quod</span> <span class='ocrx_word' id='word_1_85' title='bbox 1504 808 1733 854; x_wconf 85' lang='lat' dir='ltr'>Dominus</span> <span class='ocrx_word' id='word_1_86' title='bbox 1757 808 1818 854; x_wconf 83' lang='lat' dir='ltr'>ita</span> <span class='ocrx_word' id='word_1_87' title='bbox 1847 806 1887 853; x_wconf 91' lang='lat' dir='ltr'>se</span> <span class='ocrx_word' id='word_1_88' title='bbox 1916 806 2256 869; x_wconf 83' lang='lat' dir='ltr'>glorificaverit,</span> <span class='ocrx_word' id='word_1_89' title='bbox 2291 807 2378 854; x_wconf 90' lang='lat' dir='ltr'>hoc</span> 
     </span>
     <span class='ocr_line' id='line_1_10' title="bbox 379 872 2380 937; baseline -0.002 -14"><span class='ocrx_word' id='word_1_90' title='bbox 379 875 460 933; x_wconf 90' lang='lat' dir='ltr'>est,</span> <span class='ocrx_word' id='word_1_91' title='bbox 500 878 775 924; x_wconf 76' lang='lat' dir='ltr'>Humanum</span> <span class='ocrx_word' id='word_1_92' title='bbox 792 875 932 923; x_wconf 10' lang='lat' dir='ltr'>,suum</span> <span class='ocrx_word' id='word_1_93' title='bbox 957 876 1182 922; x_wconf 86' lang='lat' dir='ltr'>Divinum</span> <span class='ocrx_word' id='word_1_94' title='bbox 1217 872 1405 929; x_wconf 84' lang='lat' dir='ltr'>fecerit;</span> <span class='ocrx_word' id='word_1_95' title='bbox 1446 875 1596 937; x_wconf 85' lang='lat' dir='ltr'>agitur</span> <span class='ocrx_word' id='word_1_96' title='bbox 1627 874 1749 920; x_wconf 88' lang='lat' dir='ltr'>enim</span> <span class='ocrx_word' id='word_1_97' title='bbox 1785 873 1833 919; x_wconf 82' lang='lat' dir='ltr'>in</span> <span class='ocrx_word' id='word_1_98' title='bbox 1854 872 1975 919; x_wconf 70' lang='lat' dir='ltr'>sensu</span> <span class='ocrx_word' id='word_1_99' title='bbox 2009 873 2186 920; x_wconf 86' lang='lat' dir='ltr'>interno</span> <span class='ocrx_word' id='word_1_100' title='bbox 2221 874 2266 919; x_wconf 89' lang='lat' dir='ltr'>in</span> <span class='ocrx_word' id='word_1_101' title='bbox 2290 873 2380 919; x_wconf 88' lang='lat' dir='ltr'>hoc.</span> 
     </span>
     <span class='ocr_line' id='line_1_11' title="bbox 380 938 2382 1006; baseline -0.003 -16"><span class='ocrx_word' id='word_1_102' title='bbox 380 943 542 1005; x_wconf 89' lang='lat' dir='ltr'>Capite</span> <span class='ocrx_word' id='word_1_103' title='bbox 576 943 634 989; x_wconf 83' lang='lat' dir='ltr'>de</span> <span class='ocrx_word' id='word_1_104' title='bbox 670 941 998 1006; x_wconf 86' lang='lat' dir='ltr'>glorificatione</span> <span class='ocrx_word' id='word_1_105' title='bbox 1038 941 1247 996; x_wconf 87' lang='lat' dir='ltr'>Domini,</span> <span class='ocrx_word' id='word_1_106' title='bbox 1299 955 1330 986; x_wconf 90' lang='lat' dir='ltr'>n</span> <span class='ocrx_word' id='word_1_107' title='bbox 1355 958 1367 987; x_wconf 77' lang='grc' dir='ltr'><strong><em>ε</em></strong></span> <span class='ocrx_word' id='word_1_108' title='bbox 1396 943 1561 1004; x_wconf 82' lang='lat'>9985;</span> <span class='ocrx_word' id='word_1_109' title='bbox 1621 939 1694 986; x_wconf 91' lang='lat' dir='ltr'>sed</span> <span class='ocrx_word' id='word_1_110' title='bbox 1733 940 1842 1001; x_wconf 87' lang='lat' dir='ltr'>quia</span> <span class='ocrx_word' id='word_1_111' title='bbox 1879 938 2151 1001; x_wconf 87' lang='lat' dir='ltr'>glorificatio</span> <span class='ocrx_word' id='word_1_112' title='bbox 2185 940 2382 985; x_wconf 88' lang='lat' dir='ltr'>Domini-</span> 
     </span>
     <span class='ocr_line' id='line_1_12' title="bbox 379 1004 2380 1072; baseline -0.003 -16"><span class='ocrx_word' id='word_1_113' title='bbox 379 1008 530 1072; x_wconf 89' lang='lat' dir='ltr'>quoad</span> <span class='ocrx_word' id='word_1_114' title='bbox 565 1007 696 1055; x_wconf 84' lang='lat' dir='ltr'>suum</span> <span class='ocrx_word' id='word_1_115' title='bbox 737 1009 1012 1054; x_wconf 88' lang='lat' dir='ltr'>Humanum</span> <span class='ocrx_word' id='word_1_116' title='bbox 1053 1004 1324 1053; x_wconf 87' lang='lat' dir='ltr'>transcendit</span> <span class='ocrx_word' id='word_1_117' title='bbox 1358 1005 1655 1060; x_wconf 68' lang='lat' dir='ltr'>intellectum,</span> <span class='ocrx_word' id='word_1_118' title='bbox 1708 1004 1813 1051; x_wconf 89' lang='lat' dir='ltr'>ideo</span> <span class='ocrx_word' id='word_1_119' title='bbox 1846 1017 1898 1051; x_wconf 91' lang='lat' dir='ltr'>ut</span> <span class='ocrx_word' id='word_1_120' title='bbox 1935 1004 2088 1066; x_wconf 89' lang='lat' dir='ltr'>aliquo</span> <span class='ocrx_word' id='word_1_121' title='bbox 2127 1005 2273 1052; x_wconf 90' lang='lat' dir='ltr'>modo</span> <span class='ocrx_word' id='word_1_122' title='bbox 2306 1020 2380 1052; x_wconf 91' lang='lat' dir='ltr'>ca·</span> 
     </span>
     <span class='ocr_line' id='line_1_13' title="bbox 379 1068 2378 1138; baseline -0.003 -16"><span class='ocrx_word' id='word_1_123' title='bbox 379 1076 546 1137; x_wconf 88' lang='lat' dir='ltr'>piatur,</span> <span class='ocrx_word' id='word_1_124' title='bbox 582 1090 662 1138; x_wconf 91' lang='lat' dir='ltr'>per</span> <span class='ocrx_word' id='word_1_125' title='bbox 699 1072 831 1120; x_wconf 88' lang='lat' dir='ltr'>instar</span> <span class='ocrx_word' id='word_1_126' title='bbox 864 1071 940 1118; x_wconf 85' lang='lat' dir='ltr'>seu</span> <span class='ocrx_word' id='word_1_127' title='bbox 972 1074 1218 1135; x_wconf 80' lang='lat' dir='ltr'>imaginem</span> <span class='ocrx_word' id='word_1_128' title='bbox 1259 1068 1374 1133; x_wconf 87' lang='lat' dir='ltr'>ejus,</span> <span class='ocrx_word' id='word_1_129' title='bbox 1409 1071 1674 1134; x_wconf 82' lang='lat' dir='ltr'>explicatur.</span> <span class='ocrx_word' id='word_1_130' title='bbox 1743 1070 1870 1117; x_wconf 87' lang='lat' dir='ltr'>Haec</span> <span class='ocrx_word' id='word_1_131' title='bbox 1901 1070 2127 1133; x_wconf 75' lang='lat' dir='ltr'>praemifl‘a</span> <span class='ocrx_word' id='word_1_132' title='bbox 2158 1069 2276 1126; x_wconf 86' lang='lat' dir='ltr'>sunt,</span> <span class='ocrx_word' id='word_1_133' title='bbox 2324 1083 2378 1117; x_wconf 80' lang='lat' dir='ltr'>ut</span> 
     </span>
     <span class='ocr_line' id='line_1_14' title="bbox 380 1137 2376 1204; baseline -0.003 -16"><span class='ocrx_word' id='word_1_134' title='bbox 380 1140 543 1188; x_wconf 67' lang='lat' dir='ltr'>sciatur</span> <span class='ocrx_word' id='word_1_135' title='bbox 575 1139 687 1204; x_wconf 91' lang='lat' dir='ltr'>quid</span> <span class='ocrx_word' id='word_1_136' title='bbox 723 1138 992 1201; x_wconf 87' lang='lat' dir='ltr'>intelligitur</span> <span class='ocrx_word' id='word_1_137' title='bbox 1027 1154 1109 1202; x_wconf 88' lang='lat' dir='ltr'>per</span> <span class='ocrx_word' id='word_1_138' title='bbox 1144 1137 1507 1202; x_wconf 88' lang='lat' dir='ltr'>purificationem</span> <span class='ocrx_word' id='word_1_139' title='bbox 1545 1140 1592 1185; x_wconf 89' lang='lat'>&amp;</span> <span class='ocrx_word' id='word_1_140' title='bbox 1630 1152 1711 1201; x_wconf 91' lang='lat' dir='ltr'>per</span> <span class='ocrx_word' id='word_1_141' title='bbox 1750 1138 2055 1200; x_wconf 88' lang='lat' dir='ltr'>receptionem</span> <span class='ocrx_word' id='word_1_142' title='bbox 2097 1137 2203 1200; x_wconf 83' lang='lat' dir='ltr'>boni</span> <span class='ocrx_word' id='word_1_143' title='bbox 2234 1137 2285 1184; x_wconf 90' lang='lat'>&amp;</span> <span class='ocrx_word' id='word_1_144' title='bbox 2325 1152 2376 1183; x_wconf 89' lang='lat' dir='ltr'>ac</span> 
     </span>
     <span class='ocr_line' id='line_1_15' title="bbox 378 1201 2377 1270; baseline -0.002 -17"><span class='ocrx_word' id='word_1_145' title='bbox 378 1220 463 1270; x_wconf 91' lang='lat' dir='ltr'>per</span> <span class='ocrx_word' id='word_1_146' title='bbox 482 1203 851 1270; x_wconf 65' lang='lat' dir='ltr'>conjunctionem</span> <span class='ocrx_word' id='word_1_147' title='bbox 873 1220 1049 1261; x_wconf 90' lang='lat' dir='ltr'>eorum,</span> <span class='ocrx_word' id='word_1_148' title='bbox 1088 1220 1196 1267; x_wconf 88' lang='lat' dir='ltr'>quae</span> <span class='ocrx_word' id='word_1_149' title='bbox 1230 1219 1310 1267; x_wconf 88' lang='lat' dir='ltr'>per</span> <span class='ocrx_word' id='word_1_150' title='bbox 1333 1203 1543 1251; x_wconf 86' lang='lat' dir='ltr'>sacrificia</span> <span class='ocrx_word' id='word_1_151' title='bbox 1575 1205 1622 1251; x_wconf 88' lang='lat' dir='ltr'>in</span> <span class='ocrx_word' id='word_1_152' title='bbox 1645 1218 1824 1267; x_wconf 88' lang='lat' dir='ltr'>genere,</span> <span class='ocrx_word' id='word_1_153' title='bbox 1859 1204 1909 1249; x_wconf 81' lang='grc' dir='ltr'>ὅτ</span> <span class='ocrx_word' id='word_1_154' title='bbox 1947 1204 2020 1249; x_wconf 87' lang='lat' dir='ltr'>hic</span> <span class='ocrx_word' id='word_1_155' title='bbox 2055 1219 2134 1267; x_wconf 83' lang='lat' dir='ltr'>per</span> <span class='ocrx_word' id='word_1_156' title='bbox 2168 1201 2377 1250; x_wconf 88' lang='lat' dir='ltr'>sacrificia</span> 
     </span>
     <span class='ocr_line' id='line_1_16' title="bbox 378 1267 2375 1336; baseline -0.001 -18"><span class='ocrx_word' id='word_1_157' title='bbox 378 1272 732 1336; x_wconf 86' lang='lat' dir='ltr'>inaugurationis</span> <span class='ocrx_word' id='word_1_158' title='bbox 756 1270 981 1321; x_wconf 87' lang='lat' dir='ltr'>Aharonis</span> <span class='ocrx_word' id='word_1_159' title='bbox 1011 1271 1061 1318; x_wconf 76' lang='grc' dir='ltr'>δε</span> <span class='ocrx_word' id='word_1_160' title='bbox 1085 1271 1285 1318; x_wconf 84' lang='lat' dir='ltr'>filiorum</span> <span class='ocrx_word' id='word_1_161' title='bbox 1319 1267 1416 1333; x_wconf 88' lang='lat' dir='ltr'>ejus</span> <span class='ocrx_word' id='word_1_162' title='bbox 1448 1271 1495 1316; x_wconf 90' lang='lat' dir='ltr'>in</span> <span class='ocrx_word' id='word_1_163' title='bbox 1519 1269 1815 1317; x_wconf 87' lang='lat' dir='ltr'>sacerdotium</span> <span class='ocrx_word' id='word_1_164' title='bbox 1850 1270 1894 1315; x_wconf 92' lang='lat' dir='ltr'>in</span> <span class='ocrx_word' id='word_1_165' title='bbox 1921 1267 2079 1332; x_wconf 86' lang='lat' dir='ltr'>specie,</span> <span class='ocrx_word' id='word_1_166' title='bbox 2118 1269 2375 1332; x_wconf 87' lang='lat' dir='ltr'>fignifican·</span> 
     </span>
     <span class='ocr_line' id='line_1_17' title="bbox 377 1335 2374 1402; baseline -0.002 -17"><span class='ocrx_word' id='word_1_167' title='bbox 377 1350 467 1386; x_wconf 91' lang='lat' dir='ltr'>tur.</span> <span class='ocrx_word' id='word_1_168' title='bbox 538 1338 683 1402; x_wconf 83' lang='lat' dir='ltr'>Qod</span> <span class='ocrx_word' id='word_1_169' title='bbox 712 1338 998 1401; x_wconf 80' lang='lat' dir='ltr'>regeneratio</span> <span class='ocrx_word' id='word_1_170' title='bbox 1038 1336 1236 1384; x_wconf 89' lang='lat' dir='ltr'>hominis</span> <span class='ocrx_word' id='word_1_171' title='bbox 1257 1336 1311 1383; x_wconf 92' lang='lat' dir='ltr'>fit</span> <span class='ocrx_word' id='word_1_172' title='bbox 1348 1339 1503 1399; x_wconf 88' lang='lat' dir='ltr'>imago</span> <span class='ocrx_word' id='word_1_173' title='bbox 1534 1335 1876 1398; x_wconf 86' lang='lat' dir='ltr'>glorificationis</span> <span class='ocrx_word' id='word_1_174' title='bbox 1911 1335 2122 1392; x_wconf 90' lang='lat' dir='ltr'>Domini,</span> <span class='ocrx_word' id='word_1_175' title='bbox 2167 1336 2374 1383; x_wconf 86' lang='lat' dir='ltr'>videatur</span> 
     </span>
     <span class='ocr_line' id='line_1_18' title="bbox 378 1398 2376 1469; baseline -0.002 -18"><span class='ocrx_word' id='word_1_176' title='bbox 378 1420 409 1451; x_wconf 91' lang='lat' dir='ltr'>n</span> <span class='ocrx_word' id='word_1_177' title='bbox 430 1422 441 1452; x_wconf 72' lang='grc' dir='ltr'><em>ι</em></span> <span class='ocrx_word' id='word_1_178' title='bbox 463 1421 608 1468; x_wconf 81' lang='grc'><strong>3130.</strong></span> <span class='ocrx_word' id='word_1_179' title='bbox 636 1420 778 1469; x_wconf 81' lang='grc'><strong>3212.</strong></span> <span class='ocrx_word' id='word_1_180' title='bbox 802 1404 944 1468; x_wconf 97' lang='grc'><strong>3296.</strong></span> <span class='ocrx_word' id='word_1_181' title='bbox 971 1419 1112 1467; x_wconf 87' lang='grc'><strong>3490.</strong></span> <span class='ocrx_word' id='word_1_182' title='bbox 1137 1418 1286 1463; x_wconf 85' lang='grc'><strong>4402.</strong></span> <span class='ocrx_word' id='word_1_183' title='bbox 1308 1402 1452 1463; x_wconf 82' lang='lat'>5688.</span> <span class='ocrx_word' id='word_1_184' title='bbox 1523 1402 1671 1461; x_wconf 90' lang='lat' dir='ltr'>Quod</span> <span class='ocrx_word' id='word_1_185' title='bbox 1693 1403 1949 1448; x_wconf 89' lang='lat' dir='ltr'>innocentia</span> <span class='ocrx_word' id='word_1_186' title='bbox 1981 1398 2207 1449; x_wconf 90' lang='lat' dir='ltr'>infantum</span> <span class='ocrx_word' id='word_1_187' title='bbox 2230 1402 2284 1449; x_wconf 86' lang='lat' dir='ltr'>fit</span> <span class='ocrx_word' id='word_1_188' title='bbox 2306 1404 2376 1449; x_wconf 86' lang='lat' dir='ltr'>in-</span> 
     </span>
     <span class='ocr_line' id='line_1_19' title="bbox 379 1465 2374 1532; baseline -0.001 -15"><span class='ocrx_word' id='word_1_189' title='bbox 379 1471 586 1519; x_wconf 87' lang='lat' dir='ltr'>nocentia</span> <span class='ocrx_word' id='word_1_190' title='bbox 624 1483 822 1526; x_wconf 83' lang='lat' dir='ltr'>externa,</span> <span class='ocrx_word' id='word_1_191' title='bbox 872 1472 922 1517; x_wconf 86' lang='lat'>&amp;</span> <span class='ocrx_word' id='word_1_192' title='bbox 954 1469 1123 1517; x_wconf 83' lang='lat' dir='ltr'>habitet</span> <span class='ocrx_word' id='word_1_193' title='bbox 1161 1470 1208 1516; x_wconf 90' lang='lat' dir='ltr'>in</span> <span class='ocrx_word' id='word_1_194' title='bbox 1245 1469 1514 1532; x_wconf 86' lang='lat' dir='ltr'>ignorantia,</span> <span class='ocrx_word' id='word_1_195' title='bbox 1566 1485 1631 1515; x_wconf 86' lang='lat' dir='ltr'>n:</span> <span class='ocrx_word' id='word_1_196' title='bbox 1660 1465 1802 1532; x_wconf 85' lang='lat'>2306.</span> <span class='ocrx_word' id='word_1_197' title='bbox 1847 1483 1992 1532; x_wconf 86' lang='lat'>3474.</span> <span class='ocrx_word' id='word_1_198' title='bbox 2037 1483 2181 1530; x_wconf 85' lang='lat'>3504.</span> <span class='ocrx_word' id='word_1_199' title='bbox 2223 1472 2374 1532; x_wconf 77' lang='lat'>4563.</span> 
     </span>
     <span class='ocr_line' id='line_1_20' title="bbox 377 1535 2376 1602; baseline -0.001 -19"><span class='ocrx_word' id='word_1_200' title='bbox 377 1552 524 1602; x_wconf 87' lang='lat'>4797.</span> <span class='ocrx_word' id='word_1_201' title='bbox 551 1538 691 1600; x_wconf 83' lang='lat'>5608.</span> <span class='ocrx_word' id='word_1_202' title='bbox 711 1553 866 1602; x_wconf 85' lang='lat'>7305.</span> <span class='ocrx_word' id='word_1_203' title='bbox 892 1551 1036 1600; x_wconf 86' lang='lat'><strong>930¹·</strong></span> <span class='ocrx_word' id='word_1_204' title='bbox 1106 1535 1255 1595; x_wconf 90' lang='lat' dir='ltr'>Quod</span> <span class='ocrx_word' id='word_1_205' title='bbox 1286 1535 1446 1592; x_wconf 85' lang='lat' dir='ltr'>homo,</span> <span class='ocrx_word' id='word_1_206' title='bbox 1486 1535 1567 1598; x_wconf 89' lang='lat' dir='ltr'>qui</span> <span class='ocrx_word' id='word_1_207' title='bbox 1598 1546 1898 1597; x_wconf 87' lang='lat' dir='ltr'>regeneratur,</span> <span class='ocrx_word' id='word_1_208' title='bbox 1933 1549 1958 1581; x_wconf 91' lang='lat' dir='ltr'>e</span> <span class='ocrx_word' id='word_1_209' title='bbox 1992 1549 2118 1581; x_wconf 92' lang='lat' dir='ltr'>novo</span> <span class='ocrx_word' id='word_1_210' title='bbox 2148 1538 2376 1599; x_wconf 87' lang='lat' dir='ltr'>concipia-</span> 
     </span>
     <span class='ocr_line' id='line_1_21' title="bbox 376 1599 2382 1666; baseline -0 -16"><span class='ocrx_word' id='word_1_211' title='bbox 376 1615 469 1660; x_wconf 88' lang='lat' dir='ltr'>tur,</span> <span class='ocrx_word' id='word_1_212' title='bbox 504 1602 718 1660; x_wconf 88' lang='lat' dir='ltr'>nascatur,</span> <span class='ocrx_word' id='word_1_213' title='bbox 761 1600 904 1650; x_wconf 87' lang='lat' dir='ltr'>infans</span> <span class='ocrx_word' id='word_1_214' title='bbox 936 1604 986 1661; x_wconf 83' lang='lat'>&amp;</span> <span class='ocrx_word' id='word_1_215' title='bbox 1009 1618 1124 1666; x_wconf 90' lang='lat' dir='ltr'>puer</span> <span class='ocrx_word' id='word_1_216' title='bbox 1155 1602 1252 1659; x_wconf 90' lang='lat' dir='ltr'>fiat,</span> <span class='ocrx_word' id='word_1_217' title='bbox 1291 1601 1343 1649; x_wconf 85' lang='lat'>&amp;</span> <span class='ocrx_word' id='word_1_218' title='bbox 1376 1599 1611 1658; x_wconf 86' lang='lat' dir='ltr'>adolescat,</span> <span class='ocrx_word' id='word_1_219' title='bbox 1648 1617 1709 1650; x_wconf 89' lang='lat' dir='ltr'>n:</span> <span class='ocrx_word' id='word_1_220' title='bbox 1736 1616 1879 1664; x_wconf 80' lang='lat'>3203.</span> <span class='ocrx_word' id='word_1_221' title='bbox 1950 1600 2097 1664; x_wconf 80' lang='lat' dir='ltr'>Qod</span> <span class='ocrx_word' id='word_1_222' title='bbox 2121 1601 2382 1649; x_wconf 78' lang='lat' dir='ltr'>innocentia</span> 
     </span>
     <span class='ocr_line' id='line_1_22' title="bbox 375 1666 2373 1733; baseline -0.001 -16"><span class='ocrx_word' id='word_1_223' title='bbox 375 1667 656 1718; x_wconf 83' lang='lat' dir='ltr'>infantiae·fit</span> <span class='ocrx_word' id='word_1_224' title='bbox 676 1669 883 1732; x_wconf 89' lang='lat' dir='ltr'>planum,</span> <span class='ocrx_word' id='word_1_225' title='bbox 920 1682 982 1715; x_wconf 88' lang='lat' dir='ltr'>n:</span> <span class='ocrx_word' id='word_1_226' title='bbox 1008 1670 1151 1733; x_wconf 82' lang='grc' dir='ltr'>278οι</span> <span class='ocrx_word' id='word_1_227' title='bbox 1180 1672 1325 1732; x_wconf 86' lang='lat'>3183.</span> <span class='ocrx_word' id='word_1_228' title='bbox 1353 1684 1500 1733; x_wconf 82' lang='lat'>3994.</span> <span class='ocrx_word' id='word_1_229' title='bbox 1526 1681 1673 1732; x_wconf 90' lang='lat'>4797.</span> <span class='ocrx_word' id='word_1_230' title='bbox 1702 1668 1846 1729; x_wconf 85' lang='lat'>5608.</span> <span class='ocrx_word' id='word_1_231' title='bbox 1875 1670 2019 1729; x_wconf 90' lang='lat'>7840.</span> <span class='ocrx_word' id='word_1_232' title='bbox 2090 1666 2239 1727; x_wconf 92' lang='lat' dir='ltr'>Quod</span> <span class='ocrx_word' id='word_1_233' title='bbox 2262 1683 2373 1731; x_wconf 90' lang='lat' dir='ltr'>cog-</span> 
     </span>
     <span class='ocr_line' id='line_1_23' title="bbox 376 1731 2376 1798; baseline -0.001 -14"><span class='ocrx_word' id='word_1_234' title='bbox 376 1736 568 1784; x_wconf 87' lang='lat' dir='ltr'>nitiones</span> <span class='ocrx_word' id='word_1_235' title='bbox 589 1738 684 1783; x_wconf 79' lang='lat' dir='ltr'>veri</span> <span class='ocrx_word' id='word_1_236' title='bbox 705 1735 756 1784; x_wconf 83' lang='lat'>&amp;</span> <span class='ocrx_word' id='word_1_237' title='bbox 781 1736 888 1783; x_wconf 89' lang='lat' dir='ltr'>boni</span> <span class='ocrx_word' id='word_1_238' title='bbox 911 1735 1237 1798; x_wconf 87' lang='lat' dir='ltr'>implantentur</span> <span class='ocrx_word' id='word_1_239' title='bbox 1258 1735 1532 1782; x_wconf 87' lang='lat' dir='ltr'>innocentiae</span> <span class='ocrx_word' id='word_1_240' title='bbox 1555 1732 1771 1794; x_wconf 70' lang='lat' dir='ltr'>infantiae,</span> <span class='ocrx_word' id='word_1_241' title='bbox 1795 1744 1848 1780; x_wconf 91' lang='lat' dir='ltr'>ut</span> <span class='ocrx_word' id='word_1_242' title='bbox 1869 1731 1948 1780; x_wconf 87' lang='lat' dir='ltr'>suo</span> <span class='ocrx_word' id='word_1_243' title='bbox 1970 1733 2122 1796; x_wconf 82' lang='lat' dir='ltr'>plano,</span> <span class='ocrx_word' id='word_1_244' title='bbox 2147 1750 2177 1780; x_wconf 91' lang='lat' dir='ltr'>n</span> <span class='ocrx_word' id='word_1_245' title='bbox 2198 1752 2211 1782; x_wconf 73' lang='grc' dir='ltr'>ε</span> <span class='ocrx_word' id='word_1_246' title='bbox 2237 1734 2376 1784; x_wconf 86' lang='grc'><strong>1616.</strong></span> 
     </span>
     <span class='ocr_line' id='line_1_24' title="bbox 379 1797 2376 1868; baseline -0.003 -16"><span class='ocrx_word' id='word_1_247' title='bbox 379 1819 522 1868; x_wconf 88' lang='grc'><strong>2299.</strong></span> <span class='ocrx_word' id='word_1_248' title='bbox 551 1820 695 1866; x_wconf 85' lang='lat'>3504.</span> <span class='ocrx_word' id='word_1_249' title='bbox 722 1817 869 1866; x_wconf 84' lang='lat'><strong>479⁷·</strong></span> <span class='ocrx_word' id='word_1_250' title='bbox 940 1800 1086 1865; x_wconf 81' lang='lat' dir='ltr'>Qod</span> <span class='ocrx_word' id='word_1_251' title='bbox 1123 1802 1376 1849; x_wconf 91' lang='lat' dir='ltr'>innocentia</span> <span class='ocrx_word' id='word_1_252' title='bbox 1406 1812 1772 1864; x_wconf 85' lang='lat' dir='ltr'>regeneratorum</span> <span class='ocrx_word' id='word_1_253' title='bbox 1808 1797 1862 1847; x_wconf 86' lang='lat' dir='ltr'>fit</span> <span class='ocrx_word' id='word_1_254' title='bbox 1900 1801 2153 1847; x_wconf 89' lang='lat' dir='ltr'>innocentia</span> <span class='ocrx_word' id='word_1_255' title='bbox 2184 1801 2376 1859; x_wconf 87' lang='lat' dir='ltr'>interna,</span> 
     </span>
     <span class='ocr_line' id='line_1_25' title="bbox 375 1865 2371 1933; baseline -0.001 -16"><span class='ocrx_word' id='word_1_256' title='bbox 375 1868 428 1916; x_wconf 87' lang='lat'>&amp;</span> <span class='ocrx_word' id='word_1_257' title='bbox 467 1868 633 1917; x_wconf 83' lang='lat' dir='ltr'>habitet</span> <span class='ocrx_word' id='word_1_258' title='bbox 671 1870 718 1916; x_wconf 87' lang='lat' dir='ltr'>in</span> <span class='ocrx_word' id='word_1_259' title='bbox 756 1868 1000 1932; x_wconf 73' lang='lat' dir='ltr'>sapientia,</span> <span class='ocrx_word' id='word_1_260' title='bbox 1025 1883 1058 1914; x_wconf 88' lang='lat' dir='ltr'>n</span> <span class='ocrx_word' id='word_1_261' title='bbox 1081 1886 1093 1915; x_wconf 76' lang='lat' dir='ltr'><em>z</em></span> <span class='ocrx_word' id='word_1_262' title='bbox 1119 1867 1257 1918; x_wconf 82' lang='lat'>1616.</span> <span class='ocrx_word' id='word_1_263' title='bbox 1298 1884 1443 1931; x_wconf 84' lang='lat'>3495.</span> <span class='ocrx_word' id='word_1_264' title='bbox 1483 1884 1629 1933; x_wconf 84' lang='lat'>3994.</span> <span class='ocrx_word' id='word_1_265' title='bbox 1663 1882 1815 1932; x_wconf 90' lang='lat'>4797,</span> <span class='ocrx_word' id='word_1_266' title='bbox 1853 1865 1998 1928; x_wconf 88' lang='lat'><strong>5608.</strong></span> <span class='ocrx_word' id='word_1_267' title='bbox 2037 1883 2181 1932; x_wconf 84' lang='lat'>930¹.</span> <span class='ocrx_word' id='word_1_268' title='bbox 2226 1884 2371 1932; x_wconf 87' lang='lat'>9939.</span> 
     </span>
     <span class='ocr_line' id='line_1_26' title="bbox 376 1932 2379 1999; baseline 0 -18"><span class='ocrx_word' id='word_1_269' title='bbox 376 1932 641 1999; x_wconf 79' lang='lat' dir='ltr'>Differentia</span> <span class='ocrx_word' id='word_1_270' title='bbox 678 1936 948 1982; x_wconf 82' lang='lat' dir='ltr'>innocentiae</span> <span class='ocrx_word' id='word_1_271' title='bbox 980 1946 1181 1982; x_wconf 81' lang='lat' dir='ltr'>externae</span> <span class='ocrx_word' id='word_1_272' title='bbox 1212 1949 1321 1998; x_wconf 84' lang='lat' dir='ltr'>quae</span> <span class='ocrx_word' id='word_1_273' title='bbox 1358 1932 1603 1990; x_wconf 89' lang='lat' dir='ltr'>infantum,</span> <span class='ocrx_word' id='word_1_274' title='bbox 1642 1933 1693 1981; x_wconf 86' lang='lat'>&amp;</span> <span class='ocrx_word' id='word_1_275' title='bbox 1732 1933 2004 1980; x_wconf 86' lang='lat' dir='ltr'>innocentiae</span> <span class='ocrx_word' id='word_1_276' title='bbox 2043 1935 2231 1980; x_wconf 73' lang='lat' dir='ltr'>internae</span> <span class='ocrx_word' id='word_1_277' title='bbox 2268 1951 2379 1997; x_wconf 81' lang='lat' dir='ltr'>quae</span> 
     </span>
     <span class='ocr_line' id='line_1_27' title="bbox 377 1997 2376 2064; baseline 0.001 -17"><span class='ocrx_word' id='word_1_278' title='bbox 377 1999 657 2064; x_wconf 77' lang='lat' dir='ltr'>sapientum,</span> <span class='ocrx_word' id='word_1_279' title='bbox 679 2017 711 2048; x_wconf 92' lang='lat' dir='ltr'>n</span> <span class='ocrx_word' id='word_1_280' title='bbox 730 2019 742 2049; x_wconf 88' lang='lat'>:</span> <span class='ocrx_word' id='word_1_281' title='bbox 764 2004 906 2050; x_wconf 86' lang='lat'>2280.</span> <span class='ocrx_word' id='word_1_282' title='bbox 930 2001 1077 2063; x_wconf 82' lang='lat'>4563.</span> <span class='ocrx_word' id='word_1_283' title='bbox 1105 2016 1229 2064; x_wconf 85' lang='lat'>9301</span> <span class='ocrx_word' id='word_1_284' title='bbox 1254 2019 1266 2048; x_wconf 79' lang='lat' dir='ltr'><em>z</em></span> <span class='ocrx_word' id='word_1_285' title='bbox 1306 2000 1439 2063; x_wconf 84' lang='lat' dir='ltr'>&#39;quod</span> <span class='ocrx_word' id='word_1_286' title='bbox 1474 2001 1535 2047; x_wconf 90' lang='lat' dir='ltr'>ita</span> <span class='ocrx_word' id='word_1_287' title='bbox 1557 1998 1598 2046; x_wconf 91' lang='lat' dir='ltr'>se</span> <span class='ocrx_word' id='word_1_288' title='bbox 1622 2015 1690 2047; x_wconf 89' lang='lat' dir='ltr'>res</span> <span class='ocrx_word' id='word_1_289' title='bbox 1714 1998 1902 2056; x_wconf 76' lang='lat' dir='ltr'>habeat,</span> <span class='ocrx_word' id='word_1_290' title='bbox 1929 1997 2140 2054; x_wconf 53' lang='lat' dir='ltr'>constare:</span> <span class='ocrx_word' id='word_1_291' title='bbox 2149 1999 2297 2063; x_wconf 87' lang='lat' dir='ltr'>potest</span> <span class='ocrx_word' id='word_1_292' title='bbox 2318 2017 2376 2048; x_wconf 86' lang='lat' dir='ltr'>ex</span> 
     </span>
     <span class='ocr_line' id='line_1_28' title="bbox 366 2065 2376 2130; baseline 0 -17"><span class='ocrx_word' id='word_1_293' title='bbox 366 2067 642 2126; x_wconf 82' lang='lat' dir='ltr'>educatione</span> <span class='ocrx_word' id='word_1_294' title='bbox 666 2067 714 2114; x_wconf 74' lang='grc' dir='ltr'>δε</span> <span class='ocrx_word' id='word_1_295' title='bbox 739 2068 1071 2129; x_wconf 87' lang='lat' dir='ltr'>regeneratione</span> <span class='ocrx_word' id='word_1_296' title='bbox 1093 2065 1319 2114; x_wconf 88' lang='lat' dir='ltr'>infantum</span> <span class='ocrx_word' id='word_1_297' title='bbox 1344 2068 1391 2113; x_wconf 93' lang='lat' dir='ltr'>in</span> <span class='ocrx_word' id='word_1_298' title='bbox 1415 2066 1553 2113; x_wconf 88' lang='lat' dir='ltr'>altera</span> <span class='ocrx_word' id='word_1_299' title='bbox 1574 2066 1685 2119; x_wconf 89' lang='lat' dir='ltr'>vita,</span> <span class='ocrx_word' id='word_1_300' title='bbox 1708 2066 1765 2113; x_wconf 90' lang='lat' dir='ltr'>de</span> <span class='ocrx_word' id='word_1_301' title='bbox 1787 2080 1878 2128; x_wconf 90' lang='lat' dir='ltr'>qua</span> <span class='ocrx_word' id='word_1_302' title='bbox 1911 2079 1972 2114; x_wconf 85' lang='lat' dir='ltr'>n:</span> <span class='ocrx_word' id='word_1_303' title='bbox 1993 2067 2121 2129; x_wconf 86' lang='lat'>2289</span> <span class='ocrx_word' id='word_1_304' title='bbox 2146 2067 2205 2113; x_wconf 92' lang='lat' dir='ltr'>ad</span> <span class='ocrx_word' id='word_1_305' title='bbox 2230 2084 2376 2130; x_wconf 76' lang='lat'>2309.</span> 
     </span>
     <span class='ocr_line' id='line_1_29' title="bbox 380 2130 2386 2196; baseline 0 -16"><span class='ocrx_word' id='word_1_306' title='bbox 380 2133 526 2191; x_wconf 90' lang='lat' dir='ltr'>Quod</span> <span class='ocrx_word' id='word_1_307' title='bbox 563 2148 705 2189; x_wconf 14' lang='lat' dir='ltr'>omne,</span> <span class='ocrx_word' id='word_1_308' title='bbox 736 2132 911 2180; x_wconf 88' lang='lat' dir='ltr'>bonum</span> <span class='ocrx_word' id='word_1_309' title='bbox 934 2131 1152 2183; x_wconf 84' lang='lat' dir='ltr'>Ecclefiae</span> <span class='ocrx_word' id='word_1_310' title='bbox 1189 2133 1240 2180; x_wconf 77' lang='grc' dir='ltr'>ὅτ</span> <span class='ocrx_word' id='word_1_311' title='bbox 1276 2132 1387 2179; x_wconf 88' lang='lat' dir='ltr'>coeli</span> <span class='ocrx_word' id='word_1_312' title='bbox 1426 2133 1472 2179; x_wconf 90' lang='lat' dir='ltr'>in</span> <span class='ocrx_word' id='word_1_313' title='bbox 1504 2130 1554 2179; x_wconf 70' lang='lat' dir='ltr'>‘se</span> <span class='ocrx_word' id='word_1_314' title='bbox 1593 2131 1750 2179; x_wconf 87' lang='lat' dir='ltr'>habeat</span> <span class='ocrx_word' id='word_1_315' title='bbox 1790 2133 2112 2188; x_wconf 88' lang='lat' dir='ltr'>innocentiam,</span> <span class='ocrx_word' id='word_1_316' title='bbox 2160 2134 2210 2180; x_wconf 88' lang='lat'>&amp;</span> <span class='ocrx_word' id='word_1_317' title='bbox 2243 2134 2386 2196; x_wconf 51' lang='lat' dir='ltr'>quod*</span> 
     </span>
     <span class='ocr_line' id='line_1_30' title="bbox 374 2196 2374 2264; baseline 0.001 -18"><span class='ocrx_word' id='word_1_318' title='bbox 374 2198 536 2263; x_wconf 88' lang='lat' dir='ltr'>absque</span> <span class='ocrx_word' id='word_1_319' title='bbox 567 2215 616 2246; x_wconf 89' lang='lat' dir='ltr'>ea</span> <span class='ocrx_word' id='word_1_320' title='bbox 641 2198 814 2246; x_wconf 92' lang='lat' dir='ltr'>bonum</span> <span class='ocrx_word' id='word_1_321' title='bbox 847 2214 944 2246; x_wconf 90' lang='lat' dir='ltr'>non</span> <span class='ocrx_word' id='word_1_322' title='bbox 966 2197 1020 2246; x_wconf 85' lang='lat' dir='ltr'>fit</span> <span class='ocrx_word' id='word_1_323' title='bbox 1043 2196 1238 2255; x_wconf 88' lang='lat' dir='ltr'>bonum,</span> <span class='ocrx_word' id='word_1_324' title='bbox 1277 2214 1339 2246; x_wconf 82' lang='lat' dir='ltr'>n:</span> <span class='ocrx_word' id='word_1_325' title='bbox 1368 2199 1512 2263; x_wconf 85' lang='lat'>2736.</span> <span class='ocrx_word' id='word_1_326' title='bbox 1542 2201 1686 2262; x_wconf 88' lang='lat'>2780.</span> <span class='ocrx_word' id='word_1_327' title='bbox 1715 2199 1860 2260; x_wconf 75' lang='grc'><strong>6013.</strong></span> <span class='ocrx_word' id='word_1_328' title='bbox 1883 2202 2026 2260; x_wconf 82' lang='grc'><strong>7840.</strong></span> <span class='ocrx_word' id='word_1_329' title='bbox 2055 2200 2199 2262; x_wconf 92' lang='lat'>7887.</span> <span class='ocrx_word' id='word_1_330' title='bbox 2226 2201 2374 2264; x_wconf 80' lang='lat'>9262.</span> 
     </span>
     <span class='ocr_line' id='line_1_31' title="bbox 378 2263 2374 2379; baseline 0.001 -67"><span class='ocrx_word' id='word_1_331' title='bbox 378 2265 512 2379; x_wconf 70' lang='lat' dir='ltr'>Quit6i</span> <span class='ocrx_word' id='word_1_332' title='bbox 544 2265 818 2323; x_wconf 88' lang='lat' dir='ltr'>innocentia,</span> <span class='ocrx_word' id='word_1_333' title='bbox 853 2281 1081 2330; x_wconf 73' lang='lat' dir='ltr'>n23994.</span> <span class='ocrx_word' id='word_1_334' title='bbox 1121 2281 1271 2325; x_wconf 84' lang='lat'>4001.</span> <span class='ocrx_word' id='word_1_335' title='bbox 1306 2280 1456 2330; x_wconf 86' lang='lat'>4797.</span> <span class='ocrx_word' id='word_1_336' title='bbox 1499 2263 1644 2329; x_wconf 82' lang='lat'>5236.</span> <span class='ocrx_word' id='word_1_337' title='bbox 1680 2263 1830 2330; x_wconf 83' lang='lat'>6107.</span> <span class='ocrx_word' id='word_1_338' title='bbox 1866 2265 2012 2328; x_wconf 86' lang='lat'>6765.</span> <span class='ocrx_word' id='word_1_339' title='bbox 2052 2280 2197 2329; x_wconf 90' lang='grc'><strong>7902.</strong></span> <span class='ocrx_word' id='word_1_340' title='bbox 2231 2269 2374 2330; x_wconf 88' lang='grc'><strong>9262.</strong></span> 
     </span>
     <span class='ocr_line' id='line_1_32' title="bbox 378 2347 2371 2461; baseline 0.002 -18"><span class='ocrx_word' id='word_1_341' title='bbox 378 2347 642 2454; x_wconf 41' lang='grc' dir='ltr'><strong>99ξο,021</strong></span> <span class='ocrx_word' id='word_1_342' title='bbox 681 2398 808 2446; x_wconf 85' lang='lat' dir='ltr'>Ante</span> <span class='ocrx_word' id='word_1_343' title='bbox 846 2397 1122 2445; x_wconf 87' lang='lat' dir='ltr'>Tentorium</span> <span class='ocrx_word' id='word_1_344' title='bbox 1161 2408 1429 2454; x_wconf 84' lang='lat' dir='ltr'>conventus,</span> <span class='ocrx_word' id='word_1_345' title='bbox 1471 2396 1600 2461; x_wconf 89' lang='lat' dir='ltr'>quod</span> <span class='ocrx_word' id='word_1_346' title='bbox 1636 2396 1860 2461; x_wconf 87' lang='lat' dir='ltr'>fignificet</span> <span class='ocrx_word' id='word_1_347' title='bbox 1894 2396 1952 2445; x_wconf 89' lang='lat' dir='ltr'>ad</span> <span class='ocrx_word' id='word_1_348' title='bbox 1987 2397 2371 2461; x_wconf 85' lang='lat' dir='ltr'>purificationem,</span> 
     </span>
     <span class='ocr_line' id='line_1_33' title="bbox 372 2461 2372 2526; baseline 0.001 -16"><span class='ocrx_word' id='word_1_349' title='bbox 372 2464 678 2526; x_wconf 79' lang='lat' dir='ltr'>receptionem</span> <span class='ocrx_word' id='word_1_350' title='bbox 698 2465 795 2511; x_wconf 85' lang='lat' dir='ltr'>veri</span> <span class='ocrx_word' id='word_1_351' title='bbox 831 2479 859 2510; x_wconf 90' lang='lat' dir='ltr'>e</span> <span class='ocrx_word' id='word_1_352' title='bbox 891 2464 1033 2519; x_wconf 85' lang='lat' dir='ltr'>coelo,</span> <span class='ocrx_word' id='word_1_353' title='bbox 1075 2464 1124 2511; x_wconf 87' lang='lat'>&amp;</span> <span class='ocrx_word' id='word_1_354' title='bbox 1149 2461 1519 2526; x_wconf 66' lang='lat' dir='ltr'>conjunctionem</span> <span class='ocrx_word' id='word_1_355' title='bbox 1558 2461 1655 2526; x_wconf 87' lang='lat' dir='ltr'>ejus</span> <span class='ocrx_word' id='word_1_356' title='bbox 1687 2479 1796 2511; x_wconf 88' lang='lat' dir='ltr'>cum</span> <span class='ocrx_word' id='word_1_357' title='bbox 1831 2463 1971 2519; x_wconf 91' lang='lat' dir='ltr'>bono,</span> <span class='ocrx_word' id='word_1_358' title='bbox 2004 2463 2175 2511; x_wconf 87' lang='lat' dir='ltr'>constat</span> <span class='ocrx_word' id='word_1_359' title='bbox 2208 2480 2267 2512; x_wconf 90' lang='lat' dir='ltr'>ex</span> <span class='ocrx_word' id='word_1_360' title='bbox 2303 2481 2372 2511; x_wconf 89' lang='lat' dir='ltr'>re-</span> 
     </span>
     <span class='ocr_line' id='line_1_34' title="bbox 375 2528 2373 2603; baseline 0.001 -27"><span class='ocrx_word' id='word_1_361' title='bbox 375 2529 715 2593; x_wconf 68' lang='lat' dir='ltr'>praesentatione</span> <span class='ocrx_word' id='word_1_362' title='bbox 737 2530 946 2577; x_wconf 86' lang='lat' dir='ltr'>Tentorii</span> <span class='ocrx_word' id='word_1_363' title='bbox 977 2531 1260 2585; x_wconf 87' lang='lat' dir='ltr'>Conventus,</span> <span class='ocrx_word' id='word_1_364' title='bbox 1295 2530 1424 2593; x_wconf 90' lang='lat' dir='ltr'>quod</span> <span class='ocrx_word' id='word_1_365' title='bbox 1463 2529 1516 2576; x_wconf 84' lang='lat' dir='ltr'>fit</span> <span class='ocrx_word' id='word_1_366' title='bbox 1549 2529 1741 2576; x_wconf 89' lang='lat' dir='ltr'>Coelum</span> <span class='ocrx_word' id='word_1_367' title='bbox 1780 2528 1860 2575; x_wconf 90' lang='lat' dir='ltr'>ubi</span> <span class='ocrx_word' id='word_1_368' title='bbox 1897 2529 2144 2586; x_wconf 89' lang='lat' dir='ltr'>Dominus,</span> <span class='ocrx_word' id='word_1_369' title='bbox 2189 2530 2247 2577; x_wconf 89' lang='lat' dir='ltr'>de</span> <span class='ocrx_word' id='word_1_370' title='bbox 2281 2546 2373 2603; x_wconf 83' lang='lat' dir='ltr'>qua</span> 
     </span>
     <span class='ocr_line' id='line_1_35' title="bbox 376 2594 2372 2661; baseline 0.001 -19"><span class='ocrx_word' id='word_1_371' title='bbox 376 2612 408 2642; x_wconf 90' lang='lat' dir='ltr'>n</span> <span class='ocrx_word' id='word_1_372' title='bbox 426 2614 437 2643; x_wconf 67' lang='grc' dir='ltr'><em>ι</em></span> <span class='ocrx_word' id='word_1_373' title='bbox 458 2613 604 2660; x_wconf 87' lang='lat'>9457.</span> <span class='ocrx_word' id='word_1_374' title='bbox 630 2599 775 2659; x_wconf 87' lang='lat'>9481.</span> <span class='ocrx_word' id='word_1_375' title='bbox 803 2600 965 2658; x_wconf 74' lang='lat'>9485:</span> <span class='ocrx_word' id='word_1_376' title='bbox 1011 2595 1138 2656; x_wconf 85' lang='lat' dir='ltr'>quod</span> <span class='ocrx_word' id='word_1_377' title='bbox 1163 2595 1434 2658; x_wconf 89' lang='lat' dir='ltr'>purificatio,</span> <span class='ocrx_word' id='word_1_378' title='bbox 1475 2594 1760 2659; x_wconf 88' lang='lat' dir='ltr'>implantatio</span> <span class='ocrx_word' id='word_1_379' title='bbox 1781 2595 1892 2650; x_wconf 88' lang='lat' dir='ltr'>veri,</span> <span class='ocrx_word' id='word_1_380' title='bbox 1916 2595 1968 2642; x_wconf 78' lang='grc' dir='ltr'>ὅτ</span> <span class='ocrx_word' id='word_1_381' title='bbox 1991 2596 2252 2657; x_wconf 70' lang='lat' dir='ltr'>conjunctio</span> <span class='ocrx_word' id='word_1_382' title='bbox 2274 2613 2372 2661; x_wconf 76' lang='lat' dir='ltr'>ejus</span> 
     </span>
     <span class='ocr_line' id='line_1_36' title="bbox 376 2659 2371 2726; baseline 0 -16"><span class='ocrx_word' id='word_1_383' title='bbox 376 2677 486 2710; x_wconf 89' lang='lat' dir='ltr'>cum</span> <span class='ocrx_word' id='word_1_384' title='bbox 510 2661 649 2718; x_wconf 87' lang='lat' dir='ltr'>bono,</span> <span class='ocrx_word' id='word_1_385' title='bbox 684 2662 758 2708; x_wconf 84' lang='lat' dir='ltr'>hic</span> <span class='ocrx_word' id='word_1_386' title='bbox 796 2677 979 2725; x_wconf 90' lang='lat' dir='ltr'>quoque</span> <span class='ocrx_word' id='word_1_387' title='bbox 1018 2660 1309 2723; x_wconf 76' lang='lat' dir='ltr'>significetur,</span> <span class='ocrx_word' id='word_1_388' title='bbox 1346 2661 1410 2709; x_wconf 90' lang='lat' dir='ltr'>est</span> <span class='ocrx_word' id='word_1_389' title='bbox 1448 2662 1554 2725; x_wconf 88' lang='lat' dir='ltr'>quia</span> <span class='ocrx_word' id='word_1_390' title='bbox 1579 2659 1804 2726; x_wconf 88' lang='lat' dir='ltr'>juvencus</span> <span class='ocrx_word' id='word_1_391' title='bbox 1840 2660 2144 2709; x_wconf 86' lang='lat' dir='ltr'>adducebatur</span> <span class='ocrx_word' id='word_1_392' title='bbox 2177 2662 2283 2709; x_wconf 90' lang='lat' dir='ltr'>illuc</span> <span class='ocrx_word' id='word_1_393' title='bbox 2319 2678 2371 2711; x_wconf 86' lang='lat' dir='ltr'>ut</span> 
     </span>
     <span class='ocr_line' id='line_1_37' title="bbox 375 2727 2370 2792; baseline 0.001 -16"><span class='ocrx_word' id='word_1_394' title='bbox 375 2728 710 2789; x_wconf 86' lang='lat' dir='ltr'>sacrificaretur,</span> <span class='ocrx_word' id='word_1_395' title='bbox 748 2728 798 2776; x_wconf 75' lang='grc' dir='ltr'>δε</span> <span class='ocrx_word' id='word_1_396' title='bbox 820 2743 904 2791; x_wconf 84' lang='lat' dir='ltr'>per</span> <span class='ocrx_word' id='word_1_397' title='bbox 933 2727 1141 2775; x_wconf 87' lang='lat' dir='ltr'>sacrificia</span> <span class='ocrx_word' id='word_1_398' title='bbox 1162 2727 1438 2791; x_wconf 76' lang='lat' dir='ltr'>significatur</span> <span class='ocrx_word' id='word_1_399' title='bbox 1474 2741 1567 2775; x_wconf 89' lang='lat' dir='ltr'>tam</span> <span class='ocrx_word' id='word_1_400' title='bbox 1592 2727 1866 2792; x_wconf 86' lang='lat' dir='ltr'>purificatio,</span> <span class='ocrx_word' id='word_1_401' title='bbox 1908 2742 2047 2791; x_wconf 90' lang='lat' dir='ltr'>quam</span> <span class='ocrx_word' id='word_1_402' title='bbox 2088 2729 2370 2792; x_wconf 89' lang='lat' dir='ltr'>implantatio</span> 
     </span>
     <span class='ocr_line' id='line_1_38' title="bbox 376 2792 2370 2859; baseline 0.001 -18"><span class='ocrx_word' id='word_1_403' title='bbox 376 2794 544 2843; x_wconf 86' lang='lat' dir='ltr'>veri&amp;</span> <span class='ocrx_word' id='word_1_404' title='bbox 569 2794 693 2850; x_wconf 88' lang='lat' dir='ltr'>boni,</span> <span class='ocrx_word' id='word_1_405' title='bbox 732 2794 783 2841; x_wconf 77' lang='grc' dir='ltr'>ὅτ</span> <span class='ocrx_word' id='word_1_406' title='bbox 805 2792 1065 2857; x_wconf 65' lang='lat' dir='ltr'>conjunctio</span> <span class='ocrx_word' id='word_1_407' title='bbox 1088 2793 1302 2843; x_wconf 86' lang='lat' dir='ltr'>illorum:</span> <span class='ocrx_word' id='word_1_408' title='bbox 1344 2794 1472 2858; x_wconf 90' lang='lat' dir='ltr'>quod</span> <span class='ocrx_word' id='word_1_409' title='bbox 1504 2811 1584 2859; x_wconf 90' lang='lat' dir='ltr'>per</span> <span class='ocrx_word' id='word_1_410' title='bbox 1608 2793 1819 2853; x_wconf 82' lang='lat' dir='ltr'>sacrificia</span> <span class='ocrx_word' id='word_1_411' title='bbox 1857 2792 2182 2858; x_wconf 85' lang='lat' dir='ltr'>repraesentatae</span> <span class='ocrx_word' id='word_1_412' title='bbox 2204 2793 2370 2843; x_wconf 79' lang='lat' dir='ltr'>fuerint</span> 
     </span>
     <span class='ocr_line' id='line_1_39' title="bbox 374 2858 2367 2926; baseline 0.001 -18"><span class='ocrx_word' id='word_1_413' title='bbox 374 2861 709 2926; x_wconf 88' lang='lat' dir='ltr'>purificationes</span> <span class='ocrx_word' id='word_1_414' title='bbox 737 2876 764 2907; x_wconf 88' lang='lat' dir='ltr'>a</span> <span class='ocrx_word' id='word_1_415' title='bbox 787 2859 915 2907; x_wconf 89' lang='lat' dir='ltr'>malis</span> <span class='ocrx_word' id='word_1_416' title='bbox 939 2862 987 2910; x_wconf 88' lang='lat'>&amp;</span> <span class='ocrx_word' id='word_1_417' title='bbox 1012 2858 1142 2917; x_wconf 75' lang='lat' dir='ltr'>salsis,</span> <span class='ocrx_word' id='word_1_418' title='bbox 1183 2876 1234 2907; x_wconf 91' lang='lat' dir='ltr'>ac</span> <span class='ocrx_word' id='word_1_419' title='bbox 1267 2861 1563 2924; x_wconf 84' lang='lat' dir='ltr'>expiationes,</span> <span class='ocrx_word' id='word_1_420' title='bbox 1598 2860 1805 2908; x_wconf 79' lang='lat' dir='ltr'>videatur</span> <span class='ocrx_word' id='word_1_421' title='bbox 1840 2877 1898 2908; x_wconf 90' lang='lat' dir='ltr'>n:</span> <span class='ocrx_word' id='word_1_422' title='bbox 1920 2878 2064 2925; x_wconf 80' lang='grc'><strong>9990.</strong></span> <span class='ocrx_word' id='word_1_423' title='bbox 2104 2877 2228 2926; x_wconf 89' lang='grc'><strong>9991</strong></span> <span class='ocrx_word' id='word_1_424' title='bbox 2256 2883 2269 2916; x_wconf 82' lang='grc'><strong>;</strong></span> <span class='ocrx_word' id='word_1_425' title='bbox 2315 2863 2367 2909; x_wconf 88' lang='lat'>&amp;</span> 
     </span>
     <span class='ocr_line' id='line_1_40' title="bbox 373 2925 2366 2995; baseline -0.001 -19"><span class='ocrx_word' id='word_1_426' title='bbox 373 2927 502 2995; x_wconf 90' lang='lat' dir='ltr'>quod</span> <span class='ocrx_word' id='word_1_427' title='bbox 526 2943 604 2991; x_wconf 91' lang='lat' dir='ltr'>per</span> <span class='ocrx_word' id='word_1_428' title='bbox 627 2926 784 2973; x_wconf 90' lang='lat' dir='ltr'>locum</span> <span class='ocrx_word' id='word_1_429' title='bbox 816 2937 916 2974; x_wconf 89' lang='lat' dir='ltr'>ante</span> <span class='ocrx_word' id='word_1_430' title='bbox 939 2926 1232 2983; x_wconf 85' lang='lat' dir='ltr'>Tentorium,</span> <span class='ocrx_word' id='word_1_431' title='bbox 1257 2928 1339 2990; x_wconf 90' lang='lat' dir='ltr'>qui</span> <span class='ocrx_word' id='word_1_432' title='bbox 1359 2939 1550 2975; x_wconf 88' lang='lat' dir='ltr'>vocatur</span> <span class='ocrx_word' id='word_1_433' title='bbox 1570 2926 1737 2975; x_wconf 87' lang='lat' dir='ltr'>ostium</span> <span class='ocrx_word' id='word_1_434' title='bbox 1761 2925 1873 2992; x_wconf 89' lang='lat' dir='ltr'>ejus,</span> <span class='ocrx_word' id='word_1_435' title='bbox 1899 2925 2237 2990; x_wconf 68' lang='lat' dir='ltr'>repraesentatur</span> <span class='ocrx_word' id='word_1_436' title='bbox 2258 2944 2366 2974; x_wconf 90' lang='lat' dir='ltr'>con-</span> 
     </span>
     <span class='ocr_line' id='line_1_41' title="bbox 368 2990 2374 3058; baseline -0.001 -15"><span class='ocrx_word' id='word_1_437' title='bbox 368 2993 549 3058; x_wconf 62' lang='lat' dir='ltr'>junctio</span> <span class='ocrx_word' id='word_1_438' title='bbox 571 2993 665 3041; x_wconf 88' lang='lat' dir='ltr'>veri</span> <span class='ocrx_word' id='word_1_439' title='bbox 688 2993 737 3040; x_wconf 88' lang='lat'>&amp;</span> <span class='ocrx_word' id='word_1_440' title='bbox 763 2992 888 3048; x_wconf 90' lang='lat' dir='ltr'>boni,</span> <span class='ocrx_word' id='word_1_441' title='bbox 925 3007 1031 3055; x_wconf 88' lang='lat' dir='ltr'>quae</span> <span class='ocrx_word' id='word_1_442' title='bbox 1059 2990 1329 3056; x_wconf 86' lang='lat' dir='ltr'>conjugium</span> <span class='ocrx_word' id='word_1_443' title='bbox 1352 2993 1533 3041; x_wconf 84' lang='lat' dir='ltr'>coeleste</span> <span class='ocrx_word' id='word_1_444' title='bbox 1554 3005 1759 3050; x_wconf 87' lang='lat' dir='ltr'>vocatur,</span> <span class='ocrx_word' id='word_1_445' title='bbox 1786 3010 1816 3040; x_wconf 90' lang='lat' dir='ltr'>n</span> <span class='ocrx_word' id='word_1_446' title='bbox 1836 3010 1846 3039; x_wconf 74' lang='grc' dir='ltr'><strong><em>ε</em></strong></span> <span class='ocrx_word' id='word_1_447' title='bbox 1873 3007 2044 3048; x_wconf 82' lang='grc'><strong>10,001</strong></span> <span class='ocrx_word' id='word_1_448' title='bbox 2069 3011 2080 3040; x_wconf 92' lang='lat'>:</span> <span class='ocrx_word' id='word_1_449' title='bbox 2123 2994 2226 3040; x_wconf 90' lang='lat' dir='ltr'>inde</span> <span class='ocrx_word' id='word_1_450' title='bbox 2247 3010 2374 3041; x_wconf 80' lang='lat' dir='ltr'>nunc-</span> 
     </span>
     <span class='ocr_line' id='line_1_42' title="bbox 377 3055 2368 3125; baseline -0.002 -16"><span class='ocrx_word' id='word_1_451' title='bbox 377 3061 458 3117; x_wconf 89' lang='lat' dir='ltr'>est,</span> <span class='ocrx_word' id='word_1_452' title='bbox 478 3059 624 3125; x_wconf 71' lang='lat' dir='ltr'>,quod</span> <span class='ocrx_word' id='word_1_453' title='bbox 662 3075 743 3123; x_wconf 87' lang='lat' dir='ltr'>per</span> <span class='ocrx_word' id='word_1_454' title='bbox 787 3059 1145 3122; x_wconf 90' lang='lat' dir='ltr'>appropinquare</span> <span class='ocrx_word' id='word_1_455' title='bbox 1188 3058 1322 3106; x_wconf 85' lang='lat' dir='ltr'>facies</span> <span class='ocrx_word' id='word_1_456' title='bbox 1348 3055 1603 3121; x_wconf 90' lang='lat' dir='ltr'>juvencum</span> <span class='ocrx_word' id='word_1_457' title='bbox 1649 3072 1749 3106; x_wconf 87' lang='lat' dir='ltr'>ante</span> <span class='ocrx_word' id='word_1_458' title='bbox 1787 3061 2065 3107; x_wconf 84' lang='lat' dir='ltr'>Tentorium</span> <span class='ocrx_word' id='word_1_459' title='bbox 2101 3074 2368 3117; x_wconf 88' lang='lat' dir='ltr'>conventus,</span> 
     </span>
     <span class='ocr_line' id='line_1_43' title="bbox 379 3122 2375 3190; baseline -0.002 -15"><span class='ocrx_word' id='word_1_460' title='bbox 379 3127 412 3176; x_wconf 79' lang='lat' dir='ltr'>sl</span> <span class='ocrx_word' id='word_1_461' title='bbox 448 3127 654 3181; x_wconf 80' lang='lat' dir='ltr'>nificetur</span> <span class='ocrx_word' id='word_1_462' title='bbox 692 3125 934 3190; x_wconf 90' lang='lat' dir='ltr'>applicatio</span> <span class='ocrx_word' id='word_1_463' title='bbox 968 3124 1142 3171; x_wconf 87' lang='lat' dir='ltr'>externi</span> <span class='ocrx_word' id='word_1_464' title='bbox 1178 3122 1251 3172; x_wconf 89' lang='lat' dir='ltr'>seu</span> <span class='ocrx_word' id='word_1_465' title='bbox 1291 3125 1501 3173; x_wconf 84' lang='lat' dir='ltr'>naturalis</span> <span class='ocrx_word' id='word_1_466' title='bbox 1536 3126 1750 3183; x_wconf 89' lang='lat' dir='ltr'>hominis,</span> <span class='ocrx_word' id='word_1_467' title='bbox 1789 3125 1934 3189; x_wconf 89' lang='lat' dir='ltr'>qualis</span> <span class='ocrx_word' id='word_1_468' title='bbox 1973 3126 2020 3171; x_wconf 90' lang='lat' dir='ltr'>in</span> <span class='ocrx_word' id='word_1_469' title='bbox 2058 3123 2131 3172; x_wconf 90' lang='lat' dir='ltr'>sua</span> <span class='ocrx_word' id='word_1_470' title='bbox 2166 3125 2375 3182; x_wconf 76' lang='lat' dir='ltr'>infantia,</span> 
     </span>
     <span class='ocr_line' id='line_1_44' title="bbox 379 3143 2377 3262; baseline -0.003 -19"><span class='ocrx_word' id='word_1_471' title='bbox 379 3143 447 3243; x_wconf 44' lang='lat' dir='ltr'>a?</span> <span class='ocrx_word' id='word_1_472' title='bbox 461 3192 823 3262; x_wconf 84' lang='lat' dir='ltr'>purificationem</span> <span class='ocrx_word' id='word_1_473' title='bbox 845 3188 941 3255; x_wconf 86' lang='lat' dir='ltr'>ejus</span> <span class='ocrx_word' id='word_1_474' title='bbox 975 3190 1167 3253; x_wconf 81' lang='lat' dir='ltr'>amalis</span> <span class='ocrx_word' id='word_1_475' title='bbox 1199 3191 1248 3239; x_wconf 87' lang='lat'>&amp;</span> <span class='ocrx_word' id='word_1_476' title='bbox 1272 3189 1407 3251; x_wconf 76' lang='lat' dir='ltr'>falsis,</span> <span class='ocrx_word' id='word_1_477' title='bbox 1443 3194 1494 3242; x_wconf 80' lang='grc' dir='ltr'>δε</span> <span class='ocrx_word' id='word_1_478' title='bbox 1522 3193 1582 3243; x_wconf 87' lang='lat' dir='ltr'>fic</span> <span class='ocrx_word' id='word_1_479' title='bbox 1612 3192 1676 3241; x_wconf 87' lang='lat' dir='ltr'>ad</span> <span class='ocrx_word' id='word_1_480' title='bbox 1705 3192 2010 3256; x_wconf 78' lang='lat' dir='ltr'>receptionem</span> <span class='ocrx_word' id='word_1_481' title='bbox 2042 3191 2137 3239; x_wconf 86' lang='lat' dir='ltr'>veri</span> <span class='ocrx_word' id='word_1_482' title='bbox 2169 3207 2193 3237; x_wconf 91' lang='lat' dir='ltr'>e</span> <span class='ocrx_word' id='word_1_483' title='bbox 2231 3192 2377 3250; x_wconf 77' lang='lat' dir='ltr'>ooelo,</span> 
     </span>
    </p>
   </div>
  </div>
 </body>
</html>
