2840 3718
503 261 633 346 308
814 271 823 278 “
1041 256 2001 329 EX‘OQD‘US„

500 382 658 447 juricio
681 387 847 448 Regno
871 382 1058 441 coelesti,
1082 384 1152 432 ⁴ita
1180 383 1342 448 quoad
1383 394 1630 449 utrumque
1669 386 1715 432 in
1752 384 1884 433 coelis
1907 383 2219 450 *superioribus
2241 373 2416 454 {quod
2442 388 2502 439 fit

507 452 733 499 Divinum
762 454 1036 517 Humanum
1059 460 1085 498 'a
1107 466 1200 514 quo
1224 451 1313 508 illa,
1349 450 1411 498 est
1434 452 1542 514 quia
1578 466 1668 498 non
1702 451 1824 498 aliud
1848 451 2072 499 Divinum
2104 454 2150 500 in
2178 454 2322 512 coelis,
2357 472 2498 519 quam

506 518 731 564 Divinum
755 519 1030 565 Humanum
1054 518 1247 564 Domini
1272 516 1528 580 agnoscitur
1549 518 1600 565 &
1624 516 1805 573 colitur,
1842 534 1946 565 nam
1967 519 2212 576 Divinum,
2249 522 2374 582 quod
2397 523 2498 569 Do-

508 583 659 630 minus
685 585 858 630 Patrem
886 583 1017 630 suum
1040 584 1238 640 vocavit,
1274 582 1362 630 fuit
1383 585 1610 631 Divinum
1650 584 1696 631 in
1721 582 1852 646 Ipso:
1889 584 2016 648 quod
2041 585 2086 631 in
2111 585 2240 633 coelis
2265 602 2355 633 non
2378 586 2499 635 aliud

504 650 751 708 Divinum,
787 666 925 713 quam
961 651 1190 698 Dominus
1229 648 1378 712 quoad
1417 650 1645 698 Divinum
1677 650 1956 698 Humanum
1996 650 2261 714 agnoscatur
2291 653 2348 701 -&
2383 653 2500 700 cola-

507 727 598 771 tur,
640 715 836 763 constare
875 716 1020 779 potest
1059 732 1084 764 a
1119 717 1315 767 Domini
1339 715 1501 763 Verbis
1531 715 1697 779 pluries
1727 716 1850 779 apud
1870 716 2196 780 Evangelistas,
2231 730 2288 767 ut
2316 734 2374 766 ex
2410 719 2497 775 his,

508 785 545 807 ‘⁶
586 783 742 829 Omnia
781 782 948 830 tradita
986 782 1112 832 Mihi
1150 799 1180 828 a
1215 782 1384 830 Patre''
1432 782 1619 829 Matth:
1662 795 1750 829 xi:
1793 797 1871 845 27.
1920 782 2052 830 Luc:
2091 799 2148 831 x:
2187 800 2264 834 22.
2301 789 2335 812 “
2359 786 2498 833 Pater

506 850 645 894 omnia
683 849 797 896 dedit
831 851 878 896 in
910 864 1077 896 manum
1102 848 1255 904 Filii‚”
1291 847 1414 909 Joh:
1442 848 1516 895 iii:
1545 865 1621 911 34.
1649 864 1725 911 35.
1763 850 1798 874 “
1822 849 1961 895 Pater
1981 848 2096 896 dedit
2117 850 2228 896 Filio
2254 851 2499 912 potestatem

505 916 634 960 omnis
658 915 847 971 carnis,”
881 915 1004 976 Joh:
1030 930 1134 962 xvu
1159 933 1169 962 :
1198 931 1222 962 2
1245 932 1256 962 t
1295 920 1328 941 ‘⁴
1353 915 1450 960 Sine
1472 918 1552 962 Me
1573 929 1652 962 non
1683 913 1852 975 potestis
1878 915 2029 975 facere
2060 916 2330 979 quicquam,''
2365 918 2488 977 Joh:

505 996 601 1027 xv:
627 997 671 1041 5.
720 982 753 1008 ‘⁴
779 982 933 1036 Pater,
970 983 1107 1029 omnia
1147 996 1238 1028 mea
1272 990 1351 1028 tua
1383 979 1506 1044 sunt,
1542 979 1597 1028 &
1633 982 1772 1027 omnia
1810 990 1888 1028 tua
1924 982 2066 1037 mea,’'
2100 981 2222 1041 Joh:
2249 997 2389 1030 xvir:
2420 1000 2493 1034 ιι,

504 1049 541 1072 “
583 1047 712 1093 Data
751 1048 804 1106 est
827 1048 951 1098 Mihi
989 1049 1118 1094 omnis
1149 1046 1330 1109 potestas
1368 1048 1414 1093 in
1451 1045 1558 1093 ecelis
1594 1045 1649 1094 69³
1689 1048 1734 1093 in
1770 1047 1940 1104 terra‚’'
1981 1047 2493 1107 Matth:xxvu¹:.1fi·

504 1111 634 1173 jesus
657 1112 774 1160 dixit
795 1114 850 1160 ad
878 1113 1084 1170 Petrum,
1120 1118 1156 1140 “
1177 1113 1302 1160 Dabo
1325 1113 1407 1159 tibi
1430 1112 1570 1160 claves
1592 1113 1730 1175 Regni
1768 1111 1972 1169 coelorum,
2007 1122 2057 1159 ut
2080 1114 2276 1178 quicquid
2293 1114 2499 1175 legaveris

502 1181 550 1224 in
584 1188 721 1235 terra,
738 1182 839 1226 erit
874 1180 1052 1242 hgatum
1091 1181 1137 1226 in
1174 1179 1298 1235 caelis,
1325 1178 1389 1227 2&
1421 1178 1616 1243 quicquid
1641 1177 1824 1241 solveris
1856 1180 1904 1224 in
1941 1188 2078 1235 terra,
2120 1182 2203 1227 erit
2226 1180 2413 1243 solutum
2449 1183 2497 1228 in

502 1244 661 1300 coelis,”
695 1245 851 1292 Matth
872 1263 888 1293 ι
911 1261 997 1292 xvi
1019 1263 1032 1294 ε
1062 1262 1134 1308 19·
1182 1255 1184 1259 '
1205 1244 1350 1304 Quod
1374 1245 1436 1291 ita
1458 1243 1527 1300 sit,
1563 1245 1697 1291 etiam
1721 1256 1843 1307 patet
1865 1259 2024 1302 ex-e0,
2052 1245 2178 1308 quod
2202 1261 2338 1295 nemo
2362 1248 2497 1310 poffit

500 1326 582 1372 per
617 1311 758 1358 fidem
780 1313 829 1359 δε
854 1327 1056 1360 amorem
1096 1308 1314 1373 conjungi
1337 1310 1424 1373 lpfi
1450 1309 1625 1358 Divino
1661 1309 1825 1373 absque
1848 1310 2026 1357 Divino
2048 1311 2311 1368 Humano.;
2346 1312 2494 1376 ipsum

499 1377 623 1423 enim
647 1378 893 1434 Divinum,
927 1377 1054 1441 quod
1080 1378 1213 1425 Pater
1235 1389 1447 1433 vocatur,
1475 1391 1568 1423 non
1607 1376 1795 1438 cogitari
1828 1375 1992 1439 potest,
2027 1376 2134 1440 quia
2153 1377 2218 1424 est
2239 1379 2495 1442 incompre-

498 1442 725 1500 henfibile,
760 1445 811 1491 &
833 1444 959 1508 quod
992 1458 1084 1492 non
1117 1443 1306 1506 cogitari
1341 1441 1504 1506 potest,
1539 1441 1626 1489 hoc
1661 1457 1752 1489 non
1792 1441 1912 1490 cadit
1951 1443 1996 1489 in
2033 1442 2203 1501 fidem,
2229 1444 2295 1491 ita
2327 1459 2409 1492 nec
2446 1440 2494 1492 in

499 1523 724 1570 amorem,
774 1525 886 1558 curn
921 1521 1071 1558 tamen
1111 1508 1356 1573 principa-le
1394 1507 1610 1556 omniurn
1639 1507 1787 1555 cultus
1820 1505 1886 1556 est
1919 1507 2097 1556 credere
2137 1510 2185 1557 in
2220 1511 2392 1568 Deum,
2440 1511 2492 1561 δε

487 1590 646 1628 ,amare
668 1575 821 1640 Ipsum
846 1575 975 1641 supet
996 1576 1178 1624 omnia:
1213 1574 1342 1638 quod
1363 1573 1517 1639 Ipsum
1541 1573 1786 1631 Divinum,
1819 1574 1946 1638 quod
1970 1573 2119 1633 Pater,
2155 1575 2491 1640 sitincompre-

497 1639 725 1697 henfibile,
760 1643 896 1690 etiam
936 1642 1076 1690 docet*
1108 1641 1355 1698 Dominus,
1403 1639 1526 1704 apud
1549 1639 1825 1700 Johannem,
1870 1644 1904 1666 “
1927 1640 2068 1688 Deum
2107 1657 2221 1689 nemo
2258 1642 2376 1689 vidit
2411 1659 2490 1691 un,-

492 1723 638 1771 quam,
674 1708 952 1771 Unigenitus
982 1707 1141 1766 Filius,
1177 1708 1328 1771 quiin
1351 1707 1446 1754 sinu
1474 1706 1615 1753 Patris
1642 1704 1723 1763 est,
1758 1705 1839 1753 Ille
1873 1704 2130 1770 exposuit,”
2167 1710 2207 1755 i:
2242 1723 2330 1770 17:
2365 1709 2488 1772 apud

494 1774 731 1829 Eundem,
770 1779 803 1801 “
821 1772 969 1839 Neque
990 1790 1131 1822 vocem
1148 1775 1303 1822 Patris
1324 1772 1547 1832 audivistis
1563 1787 1761 1835 unquam,
1784 1787 1910 1835 neque
1920 1773 2100 1835 speciem
2121 1773 2254 1835 Ipsius
2275 1773 2492 1836 vidistis,”

494 1855 555 1886 v:
577 1856 654 1904 37.
690 1841 754 1888 Et
774 1842 902 1904 quod
925 1840 1082 1905 Ipsum
1107 1840 1350 1896 Divinum,
1385 1838 1510 1902 quod
1536 1839 1681 1894 Pater,
1716 1837 2115 1903 comprehenfibile
2137 1839 2190 1888 fit
2212 1841 2258 1887 in
2279 1840 2489 1889 Domino

492 1920 575 1969 per
615 1906 838 1954 Divinum
881 1908 1159 1956 Humanum
1197 1905 1358 1969 Ipsius,
1390 1904 1512 1969 apud
1547 1903 1822 1965 johannem,
1873 1908 1908 1931 ‘⁶
1931 1903 2025 1967 Qui
2059 1905 2180 1954 videt
2221 1907 2319 1963 Me,
2367 1906 2489 1956 videt

491 1973 635 2035 Jpfiaem
658 1974 730 2037 qui
751 1972 858 2032 mistt
873 1973 1005 2030 Me‚'’
1028 1987 1100 2020 xii
1120 1991 1132 2020 :
1157 1987 1254 2035 45:
1291 1970 1414 2035 apud
1437 1970 1673 2027 Eundem,
1709 1974 1743 1997 “
1769 1972 1816 2017 Si
1837 1970 2083 2033 cognovistis
2100 1971 2199 2028 Me,
2234 1972 2291 2021 &
2307 1973 2488 2023 Patrem

492 2054 625 2087 meum
662 2038 927 2102 cognovistis,
959 2038 1015 2089 ἐξ
1053 2039 1208 2087 abhinc
1243 2036 1488 2101 cognovistis
1510 2035 1652 2094 ulum,
1687 2036 1737 2084 ὅτ
1758 2036 1924 2098 vidistis
1947 2037 2103 2093 Illum3
2138 2040 2210 2102 qui
2246 2037 2367 2086 videt
2388 2041 2487 2098 Me,

493 2104 613 2152 videt
634 2105 861 2162 Patrem,’'
894 2120 1012 2154 xiv:
1036 2105 1066 2152 6
1090 2105 1148 2152 ad
1178 2121 1252 2155 11.
1318 2103 1383 2152 Et
1416 2103 1538 2168 apud
1562 2101 1861 2161 Matthaeum,
1897 2108 1931 2158 ‘.‘
1954 2103 2127 2152 Omnia
2161 2103 2285 2152 Mihi
2325 2104 2487 2159 tradita

491 2169 595 2218 sunt
627 2187 651 2219 a
674 2172 806 2219 Patre
845 2187 966 2226 meo,
1001 2173 1051 2219 &
1090 2187 1203 2219 nemo
1243 2170 1448 2233 cognoscit
1479 2168 1638 2217 Filium
1676 2169 1757 2228 nist
1785 2170 1940 2226 Pater,
1975 2185 2120 2232 neque
2157 2166 2334 2219 Patrem
2373 2169 2484 2235 quist

490 2253 617 2301 quam
655 2238 862 2300 cognoscet
899 2237 979 2296 nili
1008 2237 1176 2292 Filius;
1219 2237 1268 2283 &
1309 2236 1383 2282 cui
1423 2235 1617 2283 voluerit
1656 2233 1798 2281 Filius
1839 2235 2081 2290 revelare,”
2117 2251 2166 2282 xi
2191 2253 2203 2282 ε
2232 2253 2308 2298 27.
2343 2235 2484 2284 Luc:

491 2319 574 2350 xz:
602 2319 699 2358 223
734 2303 860 2365 quod
898 2304 1033 2349 etiam
1071 2303 1262 2358 dicatur,
1298 2300 1424 2363 quod
1461 2313 1598 2346 nemo
1637 2297 1878 2362 cognoscat
1913 2300 2086 2346 Filium
2122 2300 2202 2347 nisi
2234 2301 2381 2359 Pater,
2417 2301 2482 2350 est

492 2369 613 2431 quia·
635 2384 717 2432 per
755 2367 921 2415 Filium
960 2367 1230 2431 intelligitur
1265 2366 1494 2414 Divinum
1516 2365 1713 2422 Verum,
1747 2365 1796 2412 ὅτ
1836 2380 1916 2428 per
1938 2364 2118 2425 Patrem
2141 2366 2368 2414 Divinum
2394 2368 2481 2418 BQ.-

494 2449 628 2491 num,
663 2447 909 2497 utrumque
931 2434 977 2480 in
1001 2434 1239 2490 Domino,⁴
1251 2448 1302 2479 ac
1324 2447 1470 2480 unum
1494 2446 1586 2478 non
1609 2430 1755 2494 potest
1778 2429 1989 2495 cognosci
2011 2430 2092 2479 nifi
2114 2431 2170 2479 ab
2192 2431 2350 2489 altero,
2370 2448 2483 2498 qua7

488 2504 677 2563 propter
698 2501 928 2548 Dominus
951 2500 1154 2563 primum
1175 2499 1308 2555 dicit,
1341 2497 1474 2561 quod
1492 2497 1647 2546 omnia
1669 2496 1758 2560 Ipsi
1779 2497 1939 2544 tmdita
1966 2496 2059 2560 5s1nt
2077 2513 2104 2545 a
2124 2498 2287 2562 Patre,
2305 2499 2355 2546 &
2376 2500 2481 2564 dein

489 2566 618 2627 quod
639 2565 713 2614 ine
733 2566 966 2629 cognoscit
996 2567 1072 2613 cui
1094 2565 1237 2615 Filius
1266 2563 1369 2612 vult
1386 2562 1586 2611 ‘revelare
1607 2584 1622 2618 ;
1656 2561 1784 2626 quod
1806 2562 1947 2610 Filius
1967 2563 2023 2628 fit
2040 2563 2267 2612 Divinum
2284 2564 2480 2623 Verum,

490 2632 540 2678 &
565 2631 697 2679 Pater
715 2633 945 2680 Divinum
970 2633 1169 2688 Bonum,
1194 2643 1441 2693 utrumque
1463 2628 1674 2685 Domini,
1696 2627 1904 2691 videatur
1924 2645 1979 2679 n„-
2001 2630 2144 2694 2803.
2163 2635 2304 2694 2813.
2333 2646 2479 2696 3704.

496 2712 639 2762 7499.
668 2699 810 2759 8328.
839 2701 980 2761 8897.
1009 2701 1169 2761 9807:
1204 2695 1351 2743 exhis
1373 2710 1494 2742 nunc
1523 2706 1663 2757 patet,
1698 2694 1826 2757 quod
1847 2694 2076 2744 Divinum
2099 2696 2299 2745 incoelis
2319 2697 2374 2745 fit
2393 2698 2479 2748 m·

489 2764 653 2810 vinum
676 2763 953 2818 Humanum
976 2763 1184 2813 Domini.
1253 2761 1395 2808 Nunc
1430 2761 1621 2815 dicetur,
1655 2759 1769 2824 quid
1808 2760 2200 2824 repraesentabatur
2233 2778 2315 2827 per.
2351 2762 2486 2829 quod

491 2827 792 2892 aspergeretur
814 2828 991 2891 sanguis
1014 2842 1069 2878 ex
1092 2828 1222 2876 ariete
1245 2825 1442 2875 secundo
1470 2825 1599 2889 super
1627 2825 1758 2873 altare
1784 2826 2093 2883 circumcirca,
2128 2828 2179 2876 &
2200 2828 2328 2892 quod
2359 2831 2478 2877 acci-

491 2907 670 2957 peretur
698 2910 756 2946 ex
789 2894 868 2947 illo
898 2893 1109 2957 sanguine
1137 2893 1187 2941 &
1210 2892 1394 2943 ex201eo
1414 2892 1655 2949 unck-ionis,
1690 2892 1740 2939 &
1760 2889 2038 2956 spargeretur
2060 2891 2192 2958 super
2211 2895 2476 2944 Abiu-onem

489 2960 541 3007 &
564 2957 694 3024 super
715 2960 855 3008 vestes
878 2958 974 3022 ejus
991 2982 1007 3015 ;
1042 2959 1169 3024 quod
1201 2958 1547 3022 significaverint
1580 2959 1831 3006 unitionem
1854 2959 2014 3007 Divini
2036 2958 2147 3009 Veri
2168 2960 2475 3011 cumDivino

492 3027 641 3083 Bono,
675 3041 726 3073 ac
747 3027 906 3074 Divini
930 3026 1046 3075 Boni
1069 3041 1176 3073 cum
1198 3026 1374 3075 Divino
1395 3025 1526 3084 Vero
1548 3040 1656 3073 curn
1680 3025 1855 3072 Divino
1878 3026 2102 3073 Humano
2119 3026 2330 3082 Domini,
2353 3038 2476 3090 patet

492 3107 551 3139 ex
573 3091 659 3140 illis
681 3108 785 3155 quae
809 3091 937 3156 supra
959 3109 1015 3141 n:
1042 3093 1231 3152 ¹o,o64.
1261 3093 1452 3154 ¹o,o65.
1483 3091 1674 3148 ¹o,o66.
1705 3092 1899 3156 1o,o67,
1933 3091 2053 3148 dicia
2075 3091 2124 3139 δε
2145 3089 2311 3138 ostensa
2322 3089 2435 3140 sunt
2453 3115 2475 3150 0,

490 3157 564 3207 sed
596 3173 824 3216 arcanum,
857 3158 982 3222 quod
1015 3158 1061 3205 in
1093 3173 1150 3206 eo
1180 3157 1301 3214 latet,
1337 3156 1543 3207 nondum
1584 3155 1812 3204 detectum
1852 3155 1944 3212 est;
1981 3170 2191 3204 arcanum
2229 3156 2310 3215 est,
2345 3162 2473 3222 quod

431 3266 433 3268 ,
486 3224 631 3274 unitio
666 3225 896 3288 reciproca
929 3222 1066 3273 fuerit
1094 3225 1259 3279 Divini
1297 3223 1429 3272 Boni-
1449 3224 1500 3285 δε
1530 3223 1699 3286 'Divini
1720 3222 1847 3281 Veri,
1883 3223 1944 3272 ita
1973 3220 2116 3286 Ipsius
2150 3221 2310 3272 Divini
2345 3227 2472 3288 quod

2337 3290 2471 3341 Patet
