<?xml version="1.0" encoding="UTF-8"?>
<!DOCTYPE html PUBLIC "-//W3C//DTD XHTML 1.0 Transitional//EN"
    "http://www.w3.org/TR/xhtml1/DTD/xhtml1-transitional.dtd">
<html xmlns="http://www.w3.org/1999/xhtml" xml:lang="en" lang="en">
 <head>
  <title>
</title>
<meta http-equiv="Content-Type" content="text/html;charset=utf-8" />
  <meta name='ocr-system' content='tesseract 3.04.00' />
  <meta name='ocr-capabilities' content='ocr_page ocr_carea ocr_par ocr_line ocrx_word'/>
</head>
<body>
  <div class='ocr_page' id='page_1' title='image "arcanacaelestiaq08sweduoft_0493.png"; bbox 0 0 2840 3718; ppageno 0'>
   <div class='ocr_carea' id='block_1_1' title="bbox 567 160 2403 282">
    <p class='ocr_par' dir='ltr' id='par_1_1' title="bbox 567 160 2403 282">
     <span class='ocr_line' id='line_1_1' title="bbox 567 160 2403 282; baseline -0.003 -14"><span class='ocrx_word' id='word_1_1' title='bbox 567 204 907 275; x_wconf 83' lang='lat' dir='ltr'>CAPUT</span> <span class='ocrx_word' id='word_1_2' title='bbox 957 203 1632 272; x_wconf 76' lang='lat' dir='ltr'>TRIGESIMUM</span> <span class='ocrx_word' id='word_1_3' title='bbox 1675 198 2141 266; x_wconf 79' lang='lat' dir='ltr'><strong>PR1MUM.·</strong></span> <span class='ocrx_word' id='word_1_4' title='bbox 2228 160 2403 282; x_wconf 71' lang='lat' dir='ltr'>489s</span> 
     </span>
    </p>
   </div>
   <div class='ocr_carea' id='block_1_2' title="bbox 348 321 2410 1987">
    <p class='ocr_par' dir='ltr' id='par_1_2' title="bbox 348 321 2410 1459">
     <span class='ocr_line' id='line_1_2' title="bbox 430 321 2370 395; baseline -0.005 -15"><span class='ocrx_word' id='word_1_5' title='bbox 430 346 536 394; x_wconf 77' lang='lat' dir='ltr'>ro,3</span> <span class='ocrx_word' id='word_1_6' title='bbox 545 345 622 395; x_wconf 88' lang='lat'>59.</span> <span class='ocrx_word' id='word_1_7' title='bbox 659 327 740 375; x_wconf 90' lang='lat' dir='ltr'>Ad</span> <span class='ocrx_word' id='word_1_8' title='bbox 766 325 1000 384; x_wconf 88' lang='lat' dir='ltr'>sciendum</span> <span class='ocrx_word' id='word_1_9' title='bbox 1035 326 1162 391; x_wconf 90' lang='lat' dir='ltr'>quod</span> <span class='ocrx_word' id='word_1_10' title='bbox 1186 326 1294 391; x_wconf 89' lang='lat' dir='ltr'>Ego</span> <span class='ocrx_word' id='word_1_11' title='bbox 1315 326 1521 389; x_wconf 87' lang='lat' dir='ltr'>Jehovah</span> <span class='ocrx_word' id='word_1_12' title='bbox 1556 325 1829 375; x_wconf 66' lang='lat' dir='ltr'>sanctificans</span> <span class='ocrx_word' id='word_1_13' title='bbox 1852 340 1954 382; x_wconf 90' lang='lat' dir='ltr'>vos,</span> <span class='ocrx_word' id='word_1_14' title='bbox 1988 323 2117 388; x_wconf 91' lang='lat' dir='ltr'>quod</span> <span class='ocrx_word' id='word_1_15' title='bbox 2140 321 2370 385; x_wconf 72' lang='lat' dir='ltr'>significet-</span> 
     </span>
     <span class='ocr_line' id='line_1_3' title="bbox 354 387 2362 460; baseline -0.005 -15"><span class='ocrx_word' id='word_1_16' title='bbox 354 397 614 446; x_wconf 87' lang='lat' dir='ltr'>Dominum</span> <span class='ocrx_word' id='word_1_17' title='bbox 637 399 788 460; x_wconf 87' lang='lat' dir='ltr'>quoad</span> <span class='ocrx_word' id='word_1_18' title='bbox 814 394 1039 442; x_wconf 88' lang='lat' dir='ltr'>Divinum</span> <span class='ocrx_word' id='word_1_19' title='bbox 1060 395 1355 452; x_wconf 85' lang='lat' dir='ltr'>Humanum,</span> <span class='ocrx_word' id='word_1_20' title='bbox 1377 394 1505 459; x_wconf 92' lang='lat' dir='ltr'>quod</span> <span class='ocrx_word' id='word_1_21' title='bbox 1527 392 1725 458; x_wconf 64' lang='lat' dir='ltr'>spefitant</span> <span class='ocrx_word' id='word_1_22' title='bbox 1746 393 1901 440; x_wconf 89' lang='lat' dir='ltr'>omnia</span> <span class='ocrx_word' id='word_1_23' title='bbox 1923 392 2047 439; x_wconf 86' lang='lat' dir='ltr'>Coeli</span> <span class='ocrx_word' id='word_1_24' title='bbox 2072 393 2120 440; x_wconf 87' lang='lat'>&amp;</span> <span class='ocrx_word' id='word_1_25' title='bbox 2143 387 2362 437; x_wconf 86' lang='lat' dir='ltr'>Ecclefiae</span> 
     </span>
     <span class='ocr_line' id='line_1_4' title="bbox 355 455 2360 524; baseline -0.005 -13"><span class='ocrx_word' id='word_1_26' title='bbox 355 478 406 511; x_wconf 84' lang='lat' dir='ltr'>ut</span> <span class='ocrx_word' id='word_1_27' title='bbox 431 465 619 512; x_wconf 89' lang='lat' dir='ltr'>unicum</span> <span class='ocrx_word' id='word_1_28' title='bbox 654 479 681 509; x_wconf 92' lang='lat' dir='ltr'>a</span> <span class='ocrx_word' id='word_1_29' title='bbox 705 464 833 519; x_wconf 92' lang='lat' dir='ltr'>Quo,</span> <span class='ocrx_word' id='word_1_30' title='bbox 869 459 1041 509; x_wconf 89' lang='lat' dir='ltr'>constat</span> <span class='ocrx_word' id='word_1_31' title='bbox 1074 477 1099 508; x_wconf 93' lang='lat' dir='ltr'>a</span> <span class='ocrx_word' id='word_1_32' title='bbox 1133 460 1458 524; x_wconf 75' lang='lat' dir='ltr'>significatione</span> <span class='ocrx_word' id='word_1_33' title='bbox 1482 460 1639 517; x_wconf 69' lang='lat' dir='ltr'>sanffl,</span> <span class='ocrx_word' id='word_1_34' title='bbox 1668 460 1795 523; x_wconf 90' lang='lat' dir='ltr'>quod</span> <span class='ocrx_word' id='word_1_35' title='bbox 1819 458 1873 506; x_wconf 90' lang='lat' dir='ltr'>fit</span> <span class='ocrx_word' id='word_1_36' title='bbox 1895 458 2122 506; x_wconf 89' lang='lat' dir='ltr'>Divinum</span> <span class='ocrx_word' id='word_1_37' title='bbox 2147 457 2194 503; x_wconf 91' lang='lat' dir='ltr'>in</span> <span class='ocrx_word' id='word_1_38' title='bbox 2218 455 2360 502; x_wconf 88' lang='lat' dir='ltr'>Coelo</span> 
     </span>
     <span class='ocr_line' id='line_1_5' title="bbox 353 521 2361 583; baseline -0.005 -4"><span class='ocrx_word' id='word_1_39' title='bbox 353 532 404 579; x_wconf 89' lang='lat'>&amp;</span> <span class='ocrx_word' id='word_1_40' title='bbox 428 531 476 578; x_wconf 87' lang='lat' dir='ltr'>in</span> <span class='ocrx_word' id='word_1_41' title='bbox 500 528 713 583; x_wconf 77' lang='lat' dir='ltr'>Ecclesia,</span> <span class='ocrx_word' id='word_1_42' title='bbox 750 543 855 574; x_wconf 85' lang='lat' dir='ltr'>nam</span> <span class='ocrx_word' id='word_1_43' title='bbox 883 525 972 573; x_wconf 86' lang='lat' dir='ltr'>hoc</span> <span class='ocrx_word' id='word_1_44' title='bbox 994 526 1141 574; x_wconf 88' lang='lat' dir='ltr'>solum</span> <span class='ocrx_word' id='word_1_45' title='bbox 1165 526 1365 574; x_wconf 62' lang='lat' dir='ltr'>sandium</span> <span class='ocrx_word' id='word_1_46' title='bbox 1390 526 1453 574; x_wconf 90' lang='lat' dir='ltr'>est</span> <span class='ocrx_word' id='word_1_47' title='bbox 1463 548 1488 582; x_wconf 21' lang='lat'>⁷3</span> <span class='ocrx_word' id='word_1_48' title='bbox 1528 543 1580 574; x_wconf 90' lang='lat' dir='ltr'>ac</span> <span class='ocrx_word' id='word_1_49' title='bbox 1599 527 1828 574; x_wconf 88' lang='lat' dir='ltr'>Divinum</span> <span class='ocrx_word' id='word_1_50' title='bbox 1859 526 1906 571; x_wconf 88' lang='lat' dir='ltr'>in</span> <span class='ocrx_word' id='word_1_51' title='bbox 1929 525 2066 573; x_wconf 85' lang='lat' dir='ltr'>Coelo</span> <span class='ocrx_word' id='word_1_52' title='bbox 2087 525 2137 573; x_wconf 75' lang='grc' dir='ltr'>δε</span> <span class='ocrx_word' id='word_1_53' title='bbox 2159 521 2361 578; x_wconf 84' lang='lat' dir='ltr'>Ecclesia</span> 
     </span>
     <span class='ocr_line' id='line_1_6' title="bbox 351 590 2360 662; baseline -0.005 -17"><span class='ocrx_word' id='word_1_54' title='bbox 351 597 560 662; x_wconf 83' lang='lat' dir='ltr'>procedit</span> <span class='ocrx_word' id='word_1_55' title='bbox 592 610 648 641; x_wconf 86' lang='lat' dir='ltr'>ex</span> <span class='ocrx_word' id='word_1_56' title='bbox 683 594 861 640; x_wconf 86' lang='lat' dir='ltr'>Divino</span> <span class='ocrx_word' id='word_1_57' title='bbox 893 592 1122 640; x_wconf 89' lang='lat' dir='ltr'>Humano</span> <span class='ocrx_word' id='word_1_58' title='bbox 1143 594 1355 649; x_wconf 86' lang='lat' dir='ltr'>Domini,</span> <span class='ocrx_word' id='word_1_59' title='bbox 1396 594 1459 640; x_wconf 93' lang='lat' dir='ltr'>ita</span> <span class='ocrx_word' id='word_1_60' title='bbox 1486 592 1550 640; x_wconf 93' lang='lat' dir='ltr'>est</span> <span class='ocrx_word' id='word_1_61' title='bbox 1582 593 1811 641; x_wconf 85' lang='lat' dir='ltr'>Divinum</span> <span class='ocrx_word' id='word_1_62' title='bbox 1848 592 2126 639; x_wconf 89' lang='lat' dir='ltr'>Humanum</span> <span class='ocrx_word' id='word_1_63' title='bbox 2165 590 2360 636; x_wconf 85' lang='lat' dir='ltr'>Domini</span> 
     </span>
     <span class='ocr_line' id='line_1_7' title="bbox 350 654 2366 728; baseline -0.003 -16"><span class='ocrx_word' id='word_1_64' title='bbox 350 663 477 728; x_wconf 90' lang='lat' dir='ltr'>quod</span> <span class='ocrx_word' id='word_1_65' title='bbox 502 661 648 708; x_wconf 86' lang='lat' dir='ltr'>solum</span> <span class='ocrx_word' id='word_1_66' title='bbox 673 658 891 716; x_wconf 63' lang='lat' dir='ltr'>sandium,</span> <span class='ocrx_word' id='word_1_67' title='bbox 927 659 1118 722; x_wconf 87' lang='lat' dir='ltr'>proinde</span> <span class='ocrx_word' id='word_1_68' title='bbox 1139 659 1266 723; x_wconf 90' lang='lat' dir='ltr'>quod</span> <span class='ocrx_word' id='word_1_69' title='bbox 1290 659 1561 707; x_wconf 68' lang='lat' dir='ltr'>sanctificat:</span> <span class='ocrx_word' id='word_1_70' title='bbox 1606 659 1710 707; x_wconf 87' lang='lat' dir='ltr'>inde</span> <span class='ocrx_word' id='word_1_71' title='bbox 1734 672 1874 722; x_wconf 85' lang='lat' dir='ltr'>patet,</span> <span class='ocrx_word' id='word_1_72' title='bbox 1910 658 2039 722; x_wconf 86' lang='lat' dir='ltr'>quod</span> <span class='ocrx_word' id='word_1_73' title='bbox 2073 658 2120 705; x_wconf 92' lang='lat' dir='ltr'>id</span> <span class='ocrx_word' id='word_1_74' title='bbox 2143 657 2198 704; x_wconf 85' lang='lat' dir='ltr'>fit</span> <span class='ocrx_word' id='word_1_75' title='bbox 2227 654 2366 720; x_wconf 87' lang='lat' dir='ltr'>quod.</span> 
     </span>
     <span class='ocr_line' id='line_1_8' title="bbox 351 723 2382 794; baseline -0.004 -16"><span class='ocrx_word' id='word_1_76' title='bbox 351 730 554 794; x_wconf 66' lang='lat' dir='ltr'>spediant</span> <span class='ocrx_word' id='word_1_77' title='bbox 574 728 731 776; x_wconf 84' lang='lat' dir='ltr'>ot-nnia</span> <span class='ocrx_word' id='word_1_78' title='bbox 753 725 875 773; x_wconf 85' lang='lat' dir='ltr'>Coeli</span> <span class='ocrx_word' id='word_1_79' title='bbox 899 726 947 774; x_wconf 88' lang='lat'>&amp;</span> <span class='ocrx_word' id='word_1_80' title='bbox 972 725 1188 774; x_wconf 86' lang='lat' dir='ltr'>Ecclefiae</span> <span class='ocrx_word' id='word_1_81' title='bbox 1212 738 1263 773; x_wconf 91' lang='lat' dir='ltr'>ut</span> <span class='ocrx_word' id='word_1_82' title='bbox 1288 727 1473 774; x_wconf 90' lang='lat' dir='ltr'>unicum</span> <span class='ocrx_word' id='word_1_83' title='bbox 1497 743 1522 774; x_wconf 94' lang='lat' dir='ltr'>a</span> <span class='ocrx_word' id='word_1_84' title='bbox 1539 727 1684 790; x_wconf 82' lang='lat' dir='ltr'>Qo:</span> <span class='ocrx_word' id='word_1_85' title='bbox 1723 725 1916 773; x_wconf 70' lang='lat' dir='ltr'>coelum</span> <span class='ocrx_word' id='word_1_86' title='bbox 1938 726 2062 772; x_wconf 87' lang='lat' dir='ltr'>enim</span> <span class='ocrx_word' id='word_1_87' title='bbox 2084 724 2147 771; x_wconf 89' lang='lat' dir='ltr'>est</span> <span class='ocrx_word' id='word_1_88' title='bbox 2164 723 2382 783; x_wconf 73' lang='lat' dir='ltr'>Coelum·</span> 
     </span>
     <span class='ocr_line' id='line_1_9' title="bbox 352 790 2359 858; baseline -0.003 -14"><span class='ocrx_word' id='word_1_89' title='bbox 352 813 444 845; x_wconf 92' lang='lat' dir='ltr'>non</span> <span class='ocrx_word' id='word_1_90' title='bbox 478 812 504 843; x_wconf 90' lang='lat' dir='ltr'>a</span> <span class='ocrx_word' id='word_1_91' title='bbox 536 794 722 858; x_wconf 86' lang='lat' dir='ltr'>proprio</span> <span class='ocrx_word' id='word_1_92' title='bbox 755 793 1041 856; x_wconf 85' lang='lat' dir='ltr'>angelorum,</span> <span class='ocrx_word' id='word_1_93' title='bbox 1077 792 1151 840; x_wconf 90' lang='lat' dir='ltr'>sed</span> <span class='ocrx_word' id='word_1_94' title='bbox 1189 810 1214 841; x_wconf 94' lang='lat' dir='ltr'>a</span> <span class='ocrx_word' id='word_1_95' title='bbox 1250 793 1429 841; x_wconf 85' lang='lat' dir='ltr'>Divino</span> <span class='ocrx_word' id='word_1_96' title='bbox 1451 793 1647 840; x_wconf 88' lang='lat' dir='ltr'>Domini</span> <span class='ocrx_word' id='word_1_97' title='bbox 1682 791 1806 856; x_wconf 91' lang='lat' dir='ltr'>apud</span> <span class='ocrx_word' id='word_1_98' title='bbox 1844 792 1980 847; x_wconf 89' lang='lat' dir='ltr'>illos;</span> <span class='ocrx_word' id='word_1_99' title='bbox 2026 791 2229 839; x_wconf 80' lang='lat' dir='ltr'>similiter</span> <span class='ocrx_word' id='word_1_100' title='bbox 2262 790 2359 837; x_wconf 88' lang='lat' dir='ltr'>Ec·</span> 
     </span>
     <span class='ocr_line' id='line_1_10' title="bbox 351 855 2352 925; baseline -0.004 -15"><span class='ocrx_word' id='word_1_101' title='bbox 351 863 480 913; x_wconf 86' lang='lat' dir='ltr'>clefia</span> <span class='ocrx_word' id='word_1_102' title='bbox 513 855 637 925; x_wconf 64' lang='lat' dir='ltr'>apud</span> <span class='ocrx_word' id='word_1_103' title='bbox 660 860 897 908; x_wconf 87' lang='lat' dir='ltr'>homines:</span> <span class='ocrx_word' id='word_1_104' title='bbox 950 859 1118 908; x_wconf 90' lang='lat' dir='ltr'>dicitur</span> <span class='ocrx_word' id='word_1_105' title='bbox 1141 859 1251 923; x_wconf 91' lang='lat' dir='ltr'>Ego</span> <span class='ocrx_word' id='word_1_106' title='bbox 1273 860 1480 920; x_wconf 83' lang='lat' dir='ltr'>Jehovah</span> <span class='ocrx_word' id='word_1_107' title='bbox 1507 859 1781 907; x_wconf 71' lang='lat' dir='ltr'>sanffificans</span> <span class='ocrx_word' id='word_1_108' title='bbox 1803 874 1904 916; x_wconf 81' lang='lat' dir='ltr'>VOS,</span> <span class='ocrx_word' id='word_1_109' title='bbox 1940 860 1989 906; x_wconf 89' lang='lat'>&amp;</span> <span class='ocrx_word' id='word_1_110' title='bbox 2021 874 2103 922; x_wconf 86' lang='lat' dir='ltr'>per</span> <span class='ocrx_word' id='word_1_111' title='bbox 2126 858 2352 919; x_wconf 84' lang='lat' dir='ltr'>Jehovam</span> 
     </span>
     <span class='ocr_line' id='line_1_11' title="bbox 351 925 2385 992; baseline -0.004 -14"><span class='ocrx_word' id='word_1_112' title='bbox 351 929 622 992; x_wconf 84' lang='lat' dir='ltr'>intelligitur</span> <span class='ocrx_word' id='word_1_113' title='bbox 641 926 885 974; x_wconf 77' lang='lat' dir='ltr'>Dominus·</span> <span class='ocrx_word' id='word_1_114' title='bbox 937 926 1027 973; x_wconf 90' lang='lat' dir='ltr'>Sed</span> <span class='ocrx_word' id='word_1_115' title='bbox 1048 927 1155 989; x_wconf 91' lang='lat' dir='ltr'>quia</span> <span class='ocrx_word' id='word_1_116' title='bbox 1178 927 1235 973; x_wconf 91' lang='lat' dir='ltr'>de</span> <span class='ocrx_word' id='word_1_117' title='bbox 1258 925 1345 973; x_wconf 91' lang='lat' dir='ltr'>illis</span> <span class='ocrx_word' id='word_1_118' title='bbox 1368 927 1530 989; x_wconf 86' lang='lat' dir='ltr'>saepius</span> <span class='ocrx_word' id='word_1_119' title='bbox 1554 925 1708 972; x_wconf 60' lang='lat' dir='ltr'>aditum</span> <span class='ocrx_word' id='word_1_120' title='bbox 1731 925 1794 972; x_wconf 90' lang='lat' dir='ltr'>est</span> <span class='ocrx_word' id='word_1_121' title='bbox 1817 926 1958 988; x_wconf 88' lang='lat' dir='ltr'>prius,</span> <span class='ocrx_word' id='word_1_122' title='bbox 1993 925 2231 972; x_wconf 86' lang='lat' dir='ltr'>videantur</span> <span class='ocrx_word' id='word_1_123' title='bbox 2251 938 2359 986; x_wconf 91' lang='lat' dir='ltr'>quae</span> <span class='ocrx_word' id='word_1_124' title='bbox 2382 942 2385 945; x_wconf 37' lang='lat'><em>*</em></span> 
     </span>
     <span class='ocr_line' id='line_1_12' title="bbox 352 987 2357 1055; baseline -0.004 -11"><span class='ocrx_word' id='word_1_125' title='bbox 352 997 411 1045; x_wconf 89' lang='lat' dir='ltr'>de</span> <span class='ocrx_word' id='word_1_126' title='bbox 434 996 520 1043; x_wconf 88' lang='lat' dir='ltr'>illis</span> <span class='ocrx_word' id='word_1_127' title='bbox 542 995 606 1042; x_wconf 90' lang='lat' dir='ltr'>ibi</span> <span class='ocrx_word' id='word_1_128' title='bbox 629 992 750 1047; x_wconf 68' lang='lat' dir='ltr'>dista</span> <span class='ocrx_word' id='word_1_129' title='bbox 781 993 832 1039; x_wconf 77' lang='grc' dir='ltr'>ὅτ,</span> <span class='ocrx_word' id='word_1_130' title='bbox 872 990 1043 1040; x_wconf 87' lang='lat' dir='ltr'>ostensa</span> <span class='ocrx_word' id='word_1_131' title='bbox 1081 991 1214 1048; x_wconf 78' lang='lat' dir='ltr'>sunt3</span> <span class='ocrx_word' id='word_1_132' title='bbox 1255 1004 1310 1040; x_wconf 90' lang='lat' dir='ltr'>ut</span> <span class='ocrx_word' id='word_1_133' title='bbox 1341 993 1470 1055; x_wconf 86' lang='lat' dir='ltr'>quod</span> <span class='ocrx_word' id='word_1_134' title='bbox 1492 992 1727 1049; x_wconf 80' lang='lat' dir='ltr'>Dominus</span> <span class='ocrx_word' id='word_1_135' title='bbox 1766 989 1883 1038; x_wconf 88' lang='lat' dir='ltr'>solus</span> <span class='ocrx_word' id='word_1_136' title='bbox 1922 987 2113 1047; x_wconf 62' lang='lat' dir='ltr'>sancius,</span> <span class='ocrx_word' id='word_1_137' title='bbox 2150 993 2199 1039; x_wconf 76' lang='grc' dir='ltr'>ὅτ,</span> <span class='ocrx_word' id='word_1_138' title='bbox 2228 991 2357 1053; x_wconf 89' lang='lat' dir='ltr'>quod</span> 
     </span>
     <span class='ocr_line' id='line_1_13' title="bbox 350 1056 2357 1122; baseline -0.004 -11"><span class='ocrx_word' id='word_1_139' title='bbox 350 1078 490 1113; x_wconf 86' lang='lat' dir='ltr'>omne</span> <span class='ocrx_word' id='word_1_140' title='bbox 529 1060 729 1108; x_wconf 57' lang='lat' dir='ltr'>sanfilum</span> <span class='ocrx_word' id='word_1_141' title='bbox 769 1057 984 1122; x_wconf 89' lang='lat' dir='ltr'>procedat</span> <span class='ocrx_word' id='word_1_142' title='bbox 1007 1057 1073 1105; x_wconf 82' lang='lat' dir='ltr'>ab</span> <span class='ocrx_word' id='word_1_143' title='bbox 1107 1057 1227 1122; x_wconf 88' lang='lat' dir='ltr'>Ipso,</span> <span class='ocrx_word' id='word_1_144' title='bbox 1270 1075 1493 1122; x_wconf 78' lang='lat' dir='ltr'>n29229.</span> <span class='ocrx_word' id='word_1_145' title='bbox 1536 1060 1679 1122; x_wconf 88' lang='lat'>9680.</span> <span class='ocrx_word' id='word_1_146' title='bbox 1708 1061 1870 1122; x_wconf 86' lang='lat'>9820:</span> <span class='ocrx_word' id='word_1_147' title='bbox 1908 1057 2036 1121; x_wconf 90' lang='lat' dir='ltr'>quod</span> <span class='ocrx_word' id='word_1_148' title='bbox 2068 1056 2357 1104; x_wconf 67' lang='lat' dir='ltr'>sanstifi&#39;catio</span> 
     </span>
     <span class='ocr_line' id='line_1_14' title="bbox 349 1123 2410 1190; baseline -0.004 -13"><span class='ocrx_word' id='word_1_149' title='bbox 349 1129 406 1178; x_wconf 85' lang='lat' dir='ltr'>fit</span> <span class='ocrx_word' id='word_1_150' title='bbox 442 1128 657 1190; x_wconf 69' lang='lat' dir='ltr'>receptio¹</span> <span class='ocrx_word' id='word_1_151' title='bbox 679 1125 841 1173; x_wconf 90' lang='lat' dir='ltr'>Divini</span> <span class='ocrx_word' id='word_1_152' title='bbox 879 1125 1092 1182; x_wconf 86' lang='lat' dir='ltr'>Domini,</span> <span class='ocrx_word' id='word_1_153' title='bbox 1139 1141 1169 1171; x_wconf 96' lang='lat' dir='ltr'>n</span> <span class='ocrx_word' id='word_1_154' title='bbox 1193 1127 1366 1189; x_wconf 88' lang='lat'>:9820.</span> <span class='ocrx_word' id='word_1_155' title='bbox 1413 1128 1604 1183; x_wconf 74' lang='lat'>10,128.</span> <span class='ocrx_word' id='word_1_156' title='bbox 1652 1125 1861 1190; x_wconf 81' lang='lat'>10,276:</span> <span class='ocrx_word' id='word_1_157' title='bbox 1910 1123 2038 1188; x_wconf 91' lang='lat' dir='ltr'>quod</span> <span class='ocrx_word' id='word_1_158' title='bbox 2076 1124 2224 1186; x_wconf 83' lang='lat' dir='ltr'>angeli</span> <span class='ocrx_word' id='word_1_159' title='bbox 2264 1138 2358 1169; x_wconf 91' lang='lat' dir='ltr'>non</span> <span class='ocrx_word' id='word_1_160' title='bbox 2408 1123 2410 1125; x_wconf 69' lang='grc'><strong><em>’</em></strong></span> 
     </span>
     <span class='ocr_line' id='line_1_15' title="bbox 349 1191 2360 1255; baseline -0.004 -10"><span class='ocrx_word' id='word_1_161' title='bbox 349 1195 474 1245; x_wconf 83' lang='lat' dir='ltr'>aliud</span> <span class='ocrx_word' id='word_1_162' title='bbox 498 1195 733 1255; x_wconf 18' lang='lat' dir='ltr'>*Divinum</span> <span class='ocrx_word' id='word_1_163' title='bbox 769 1191 1027 1254; x_wconf 88' lang='lat' dir='ltr'>agnoscant,</span> <span class='ocrx_word' id='word_1_164' title='bbox 1067 1207 1207 1255; x_wconf 89' lang='lat' dir='ltr'>quam</span> <span class='ocrx_word' id='word_1_165' title='bbox 1232 1193 1460 1239; x_wconf 86' lang='lat' dir='ltr'>Divinum</span> <span class='ocrx_word' id='word_1_166' title='bbox 1503 1192 1793 1239; x_wconf 88' lang='lat' dir='ltr'>Humanum.</span> <span class='ocrx_word' id='word_1_167' title='bbox 1816 1191 2028 1247; x_wconf 87' lang='lat' dir='ltr'>Domini,</span> <span class='ocrx_word' id='word_1_168' title='bbox 2075 1207 2136 1237; x_wconf 88' lang='lat' dir='ltr'>n:</span> <span class='ocrx_word' id='word_1_169' title='bbox 2163 1205 2360 1254; x_wconf 57' lang='lat'>10,159.‚</span> 
     </span>
     <span class='ocr_line' id='line_1_16' title="bbox 354 1256 2390 1328; baseline -0.004 -18"><span class='ocrx_word' id='word_1_170' title='bbox 354 1263 483 1328; x_wconf 86' lang='lat'><em>9267</em></span> <span class='ocrx_word' id='word_1_171' title='bbox 503 1279 513 1308; x_wconf 76' lang='grc' dir='ltr'>ε</span> <span class='ocrx_word' id='word_1_172' title='bbox 553 1261 615 1308; x_wconf 90' lang='lat' dir='ltr'>ita</span> <span class='ocrx_word' id='word_1_173' title='bbox 636 1257 762 1322; x_wconf 92' lang='lat' dir='ltr'>quod</span> <span class='ocrx_word' id='word_1_174' title='bbox 786 1258 1019 1305; x_wconf 88' lang='lat' dir='ltr'>Dominus</span> <span class='ocrx_word' id='word_1_175' title='bbox 1042 1257 1192 1320; x_wconf 89' lang='lat' dir='ltr'>quoad</span> <span class='ocrx_word' id='word_1_176' title='bbox 1218 1258 1445 1305; x_wconf 88' lang='lat' dir='ltr'>Divinum</span> <span class='ocrx_word' id='word_1_177' title='bbox 1472 1259 1751 1305; x_wconf 88' lang='lat' dir='ltr'>Humanum</span> <span class='ocrx_word' id='word_1_178' title='bbox 1777 1256 1829 1304; x_wconf 89' lang='lat' dir='ltr'>s1t</span> <span class='ocrx_word' id='word_1_179' title='bbox 1848 1257 2038 1305; x_wconf 85' lang='lat' dir='ltr'>Coelum</span> <span class='ocrx_word' id='word_1_180' title='bbox 2068 1257 2118 1305; x_wconf 73' lang='grc' dir='ltr'>δι</span> <span class='ocrx_word' id='word_1_181' title='bbox 2141 1256 2360 1312; x_wconf 78' lang='lat' dir='ltr'>Ecclesia,</span> <span class='ocrx_word' id='word_1_182' title='bbox 2382 1293 2390 1300; x_wconf 83' lang='lat'>.</span> 
     </span>
     <span class='ocr_line' id='line_1_17' title="bbox 352 1322 2389 1393; baseline -0.004 -16"><span class='ocrx_word' id='word_1_183' title='bbox 352 1329 458 1393; x_wconf 86' lang='lat' dir='ltr'>quia</span> <span class='ocrx_word' id='word_1_184' title='bbox 480 1326 651 1374; x_wconf 73' lang='lat' dir='ltr'>habimt</span> <span class='ocrx_word' id='word_1_185' title='bbox 673 1326 720 1372; x_wconf 91' lang='lat' dir='ltr'>in</span> <span class='ocrx_word' id='word_1_186' title='bbox 744 1322 823 1371; x_wconf 91' lang='lat' dir='ltr'>suo</span> <span class='ocrx_word' id='word_1_187' title='bbox 843 1323 906 1370; x_wconf 92' lang='lat' dir='ltr'>ibi</span> <span class='ocrx_word' id='word_1_188' title='bbox 929 1324 978 1372; x_wconf 79' lang='grc' dir='ltr'>ὅτ</span> <span class='ocrx_word' id='word_1_189' title='bbox 1002 1339 1094 1371; x_wconf 87' lang='grc' dir='ltr'>ηοη</span> <span class='ocrx_word' id='word_1_190' title='bbox 1115 1324 1161 1371; x_wconf 84' lang='grc' dir='ltr'>ἰη</span> <span class='ocrx_word' id='word_1_191' title='bbox 1185 1324 1371 1388; x_wconf 88' lang='lat' dir='ltr'>proprio</span> <span class='ocrx_word' id='word_1_192' title='bbox 1391 1324 1602 1380; x_wconf 89' lang='lat' dir='ltr'>aliorum,</span> <span class='ocrx_word' id='word_1_193' title='bbox 1628 1341 1685 1371; x_wconf 79' lang='lat' dir='ltr'>n:</span> <span class='ocrx_word' id='word_1_194' title='bbox 1712 1339 1902 1386; x_wconf 85' lang='lat'>10,125.</span> <span class='ocrx_word' id='word_1_195' title='bbox 1935 1339 2126 1386; x_wconf 85' lang='lat'>10,151.</span> <span class='ocrx_word' id='word_1_196' title='bbox 2151 1337 2359 1388; x_wconf 84' lang='lat'>10‚157:</span> <span class='ocrx_word' id='word_1_197' title='bbox 2383 1338 2389 1362; x_wconf 84' lang='lat'>·.</span> 
     </span>
     <span class='ocr_line' id='line_1_18' title="bbox 348 1389 2036 1459; baseline -0.003 -16"><span class='ocrx_word' id='word_1_198' title='bbox 348 1399 403 1453; x_wconf 53' lang='grc' dir='ltr'>,δε</span> <span class='ocrx_word' id='word_1_199' title='bbox 427 1393 554 1459; x_wconf 84' lang='lat' dir='ltr'>quod</span> <span class='ocrx_word' id='word_1_200' title='bbox 571 1389 780 1454; x_wconf 85' lang='lat' dir='ltr'>Jehovah</span> <span class='ocrx_word' id='word_1_201' title='bbox 803 1391 851 1436; x_wconf 90' lang='lat' dir='ltr'>in</span> <span class='ocrx_word' id='word_1_202' title='bbox 869 1389 1024 1453; x_wconf 86' lang='lat' dir='ltr'>Verbo</span> <span class='ocrx_word' id='word_1_203' title='bbox 1058 1389 1112 1437; x_wconf 85' lang='lat' dir='ltr'>fit</span> <span class='ocrx_word' id='word_1_204' title='bbox 1133 1391 1384 1447; x_wconf 88' lang='lat' dir='ltr'>Dominus,</span> <span class='ocrx_word' id='word_1_205' title='bbox 1420 1392 1468 1437; x_wconf 88' lang='lat' dir='ltr'>in</span> <span class='ocrx_word' id='word_1_206' title='bbox 1493 1390 1602 1438; x_wconf 91' lang='lat' dir='ltr'>locis</span> <span class='ocrx_word' id='word_1_207' title='bbox 1626 1390 1777 1436; x_wconf 88' lang='lat' dir='ltr'>citatis</span> <span class='ocrx_word' id='word_1_208' title='bbox 1808 1407 1836 1436; x_wconf 92' lang='lat' dir='ltr'>n</span> <span class='ocrx_word' id='word_1_209' title='bbox 1859 1409 1869 1438; x_wconf 92' lang='lat'>:</span> <span class='ocrx_word' id='word_1_210' title='bbox 1890 1407 2036 1454; x_wconf 84' lang='lat'>9373.</span> 
     </span>
    </p>

    <p class='ocr_par' dir='ltr' id='par_1_3' title="bbox 353 1454 2395 1987">
     <span class='ocr_line' id='line_1_19' title="bbox 423 1454 2375 1523; baseline -0.002 -16"><span class='ocrx_word' id='word_1_211' title='bbox 423 1459 620 1523; x_wconf 72' lang='lat'>10‚360.</span> <span class='ocrx_word' id='word_1_212' title='bbox 657 1456 721 1504; x_wconf 91' lang='lat' dir='ltr'>Et</span> <span class='ocrx_word' id='word_1_213' title='bbox 743 1455 1004 1504; x_wconf 89' lang='lat' dir='ltr'>custodietis</span> <span class='ocrx_word' id='word_1_214' title='bbox 1029 1454 1312 1521; x_wconf 81' lang='lat' dir='ltr'>sabbathum,</span> <span class='ocrx_word' id='word_1_215' title='bbox 1347 1455 1478 1521; x_wconf 89' lang='lat' dir='ltr'>quod</span> <span class='ocrx_word' id='word_1_216' title='bbox 1500 1456 1721 1519; x_wconf 79' lang='lat' dir='ltr'>significet</span> <span class='ocrx_word' id='word_1_217' title='bbox 1754 1456 1880 1519; x_wconf 91' lang='lat' dir='ltr'>quod</span> <span class='ocrx_word' id='word_1_218' title='bbox 1916 1456 2149 1504; x_wconf 89' lang='lat' dir='ltr'>Divinum</span> <span class='ocrx_word' id='word_1_219' title='bbox 2173 1456 2375 1504; x_wconf 72' lang='lat' dir='ltr'>Huma0‘</span> 
     </span>
     <span class='ocr_line' id='line_1_20' title="bbox 353 1521 2363 1587; baseline -0.003 -10"><span class='ocrx_word' id='word_1_220' title='bbox 353 1543 468 1577; x_wconf 90' lang='lat' dir='ltr'>num</span> <span class='ocrx_word' id='word_1_221' title='bbox 488 1524 685 1574; x_wconf 87' lang='lat' dir='ltr'>Domini</span> <span class='ocrx_word' id='word_1_222' title='bbox 717 1522 982 1581; x_wconf 85' lang='lat' dir='ltr'>colendum,</span> <span class='ocrx_word' id='word_1_223' title='bbox 1015 1522 1188 1571; x_wconf 86' lang='lat' dir='ltr'>constat</span> <span class='ocrx_word' id='word_1_224' title='bbox 1223 1523 1640 1587; x_wconf 40' lang='lat' dir='ltr'>eit-significatione</span> <span class='ocrx_word' id='word_1_225' title='bbox 1672 1521 1914 1581; x_wconf 82' lang='lat' dir='ltr'>custodire,</span> <span class='ocrx_word' id='word_1_226' title='bbox 1961 1538 2070 1570; x_wconf 91' lang='lat' dir='ltr'>cum</span> <span class='ocrx_word' id='word_1_227' title='bbox 2105 1523 2272 1570; x_wconf 82' lang='lat' dir='ltr'>dicitur</span> <span class='ocrx_word' id='word_1_228' title='bbox 2304 1523 2363 1570; x_wconf 89' lang='lat' dir='ltr'>de</span> 
     </span>
     <span class='ocr_line' id='line_1_21' title="bbox 354 1587 2395 1656; baseline -0.002 -14"><span class='ocrx_word' id='word_1_229' title='bbox 354 1595 550 1650; x_wconf 89' lang='lat' dir='ltr'>Divino,</span> <span class='ocrx_word' id='word_1_230' title='bbox 596 1589 742 1656; x_wconf 69' lang='lat' dir='ltr'>quodv</span> <span class='ocrx_word' id='word_1_231' title='bbox 764 1587 819 1636; x_wconf 85' lang='lat' dir='ltr'>fit</span> <span class='ocrx_word' id='word_1_232' title='bbox 854 1589 1034 1646; x_wconf 69' lang='lat' dir='ltr'>colere-,3</span> <span class='ocrx_word' id='word_1_233' title='bbox 1091 1591 1140 1637; x_wconf 75' lang='grc' dir='ltr'>δε</span> <span class='ocrx_word' id='word_1_234' title='bbox 1177 1606 1234 1638; x_wconf 86' lang='lat' dir='ltr'>ex</span> <span class='ocrx_word' id='word_1_235' title='bbox 1268 1589 1592 1654; x_wconf 76' lang='lat' dir='ltr'>significatione</span> <span class='ocrx_word' id='word_1_236' title='bbox 1631 1588 1848 1647; x_wconf 88' lang='lat' dir='ltr'>sabbathi,</span> <span class='ocrx_word' id='word_1_237' title='bbox 1895 1590 2021 1654; x_wconf 91' lang='lat' dir='ltr'>quod</span> <span class='ocrx_word' id='word_1_238' title='bbox 2066 1590 2114 1638; x_wconf 89' lang='lat' dir='ltr'>in</span> <span class='ocrx_word' id='word_1_239' title='bbox 2152 1589 2395 1654; x_wconf 87' lang='lat' dir='ltr'>supremo-</span> 
     </span>
     <span class='ocr_line' id='line_1_22' title="bbox 354 1655 2395 1719; baseline -0.003 -10"><span class='ocrx_word' id='word_1_240' title='bbox 354 1659 478 1709; x_wconf 85' lang='lat' dir='ltr'>sensu</span> <span class='ocrx_word' id='word_1_241' title='bbox 514 1659 584 1707; x_wconf 84' lang='lat' dir='ltr'>fit·</span> <span class='ocrx_word' id='word_1_242' title='bbox 604 1658 714 1706; x_wconf 86' lang='lat' dir='ltr'>unio</span> <span class='ocrx_word' id='word_1_243' title='bbox 751 1656 931 1712; x_wconf 87' lang='lat' dir='ltr'>Divini,</span> <span class='ocrx_word' id='word_1_244' title='bbox 962 1655 1092 1719; x_wconf 89' lang='lat' dir='ltr'>quod</span> <span class='ocrx_word' id='word_1_245' title='bbox 1117 1657 1250 1704; x_wconf 89' lang='lat' dir='ltr'>Pater</span> <span class='ocrx_word' id='word_1_246' title='bbox 1272 1670 1480 1715; x_wconf 86' lang='lat' dir='ltr'>vocatur,</span> <span class='ocrx_word' id='word_1_247' title='bbox 1515 1673 1565 1704; x_wconf 91' lang='lat' dir='ltr'>ac</span> <span class='ocrx_word' id='word_1_248' title='bbox 1589 1658 1751 1705; x_wconf 89' lang='lat' dir='ltr'>Divini</span> <span class='ocrx_word' id='word_1_249' title='bbox 1786 1657 2015 1714; x_wconf 80' lang='lat' dir='ltr'>Humani,</span> <span class='ocrx_word' id='word_1_250' title='bbox 2051 1656 2179 1719; x_wconf 90' lang='lat' dir='ltr'>quod</span> <span class='ocrx_word' id='word_1_251' title='bbox 2203 1656 2363 1714; x_wconf 89' lang='lat' dir='ltr'>Filius,</span> <span class='ocrx_word' id='word_1_252' title='bbox 2390 1693 2395 1697; x_wconf 87' lang='lat'>.</span> 
     </span>
     <span class='ocr_line' id='line_1_23' title="bbox 355 1722 2364 1789; baseline -0.002 -14"><span class='ocrx_word' id='word_1_253' title='bbox 355 1731 418 1777; x_wconf 83' lang='lat' dir='ltr'>ita</span> <span class='ocrx_word' id='word_1_254' title='bbox 440 1728 666 1774; x_wconf 85' lang='lat' dir='ltr'>Divinum</span> <span class='ocrx_word' id='word_1_255' title='bbox 692 1723 970 1770; x_wconf 85' lang='lat' dir='ltr'>Humanum</span> <span class='ocrx_word' id='word_1_256' title='bbox 995 1724 1042 1770; x_wconf 80' lang='lat' dir='ltr'>in</span> <span class='ocrx_word' id='word_1_257' title='bbox 1068 1723 1178 1780; x_wconf 87' lang='lat' dir='ltr'>Quo</span> <span class='ocrx_word' id='word_1_258' title='bbox 1202 1722 1277 1770; x_wconf 89' lang='lat' dir='ltr'>illa</span> <span class='ocrx_word' id='word_1_259' title='bbox 1301 1725 1424 1789; x_wconf 68' lang='lat' dir='ltr'>unio.</span> <span class='ocrx_word' id='word_1_260' title='bbox 1497 1723 1643 1788; x_wconf 84' lang='lat' dir='ltr'>Qod</span> <span class='ocrx_word' id='word_1_261' title='bbox 1674 1739 1754 1788; x_wconf 88' lang='lat' dir='ltr'>per</span> <span class='ocrx_word' id='word_1_262' title='bbox 1776 1723 2055 1771; x_wconf 82' lang='lat' dir='ltr'>Sabbathum</span> <span class='ocrx_word' id='word_1_263' title='bbox 2087 1722 2364 1786; x_wconf 79' lang='lat' dir='ltr'>significetur</span> 
     </span>
     <span class='ocr_line' id='line_1_24' title="bbox 355 1787 2394 1854; baseline -0.003 -12"><span class='ocrx_word' id='word_1_264' title='bbox 355 1795 468 1846; x_wconf 85' lang='lat' dir='ltr'>unio</span> <span class='ocrx_word' id='word_1_265' title='bbox 484 1792 580 1848; x_wconf 81' lang='lat' dir='ltr'>illa,</span> <span class='ocrx_word' id='word_1_266' title='bbox 614 1789 806 1852; x_wconf 76' lang='lat' dir='ltr'>estquia</span> <span class='ocrx_word' id='word_1_267' title='bbox 839 1804 919 1852; x_wconf 83' lang='lat' dir='ltr'>per</span> <span class='ocrx_word' id='word_1_268' title='bbox 942 1787 1016 1837; x_wconf 87' lang='lat' dir='ltr'>sex</span> <span class='ocrx_word' id='word_1_269' title='bbox 1038 1788 1134 1836; x_wconf 89' lang='lat' dir='ltr'>dies</span> <span class='ocrx_word' id='word_1_270' title='bbox 1157 1790 1338 1846; x_wconf 88' lang='lat' dir='ltr'>laboris,</span> <span class='ocrx_word' id='word_1_271' title='bbox 1373 1790 1454 1854; x_wconf 90' lang='lat' dir='ltr'>qui</span> <span class='ocrx_word' id='word_1_272' title='bbox 1489 1790 1756 1854; x_wconf 67' lang='lat' dir='ltr'>piaecedunt</span> <span class='ocrx_word' id='word_1_273' title='bbox 1788 1789 2052 1854; x_wconf 87' lang='lat' dir='ltr'>septimum,</span> <span class='ocrx_word' id='word_1_274' title='bbox 2088 1790 2394 1852; x_wconf 65' lang='lat' dir='ltr'>significatur&gt;</span> 
     </span>
     <span class='ocr_line' id='line_1_25' title="bbox 357 1855 2365 1921; baseline -0.003 -13"><span class='ocrx_word' id='word_1_275' title='bbox 357 1857 685 1908; x_wconf 88' lang='lat' dir='ltr'>omnis-status</span> <span class='ocrx_word' id='word_1_276' title='bbox 715 1870 906 1920; x_wconf 81' lang='lat' dir='ltr'>pugnae,</span> <span class='ocrx_word' id='word_1_277' title='bbox 947 1871 1055 1904; x_wconf 88' lang='lat' dir='ltr'>nam</span> <span class='ocrx_word' id='word_1_278' title='bbox 1093 1855 1221 1904; x_wconf 86' lang='lat' dir='ltr'>labor</span> <span class='ocrx_word' id='word_1_279' title='bbox 1262 1858 1307 1904; x_wconf 91' lang='lat' dir='ltr'>in</span> <span class='ocrx_word' id='word_1_280' title='bbox 1344 1855 1558 1921; x_wconf 85' lang='lat' dir='ltr'>spirituali</span> <span class='ocrx_word' id='word_1_281' title='bbox 1596 1855 1719 1904; x_wconf 87' lang='lat' dir='ltr'>sensu</span> <span class='ocrx_word' id='word_1_282' title='bbox 1760 1871 1853 1904; x_wconf 91' lang='lat' dir='ltr'>non</span> <span class='ocrx_word' id='word_1_283' title='bbox 1887 1855 1955 1904; x_wconf 88' lang='lat' dir='ltr'>est</span> <span class='ocrx_word' id='word_1_284' title='bbox 1982 1856 2107 1903; x_wconf 88' lang='lat' dir='ltr'>labor</span> <span class='ocrx_word' id='word_1_285' title='bbox 2138 1856 2282 1920; x_wconf 77' lang='lat' dir='ltr'>qualis</span> <span class='ocrx_word' id='word_1_286' title='bbox 2318 1857 2365 1903; x_wconf 93' lang='lat' dir='ltr'>in</span> 
     </span>
     <span class='ocr_line' id='line_1_26' title="bbox 360 1921 2366 1987; baseline -0.002 -13"><span class='ocrx_word' id='word_1_287' title='bbox 360 1926 554 1982; x_wconf 83' lang='lat' dir='ltr'>mundO,</span> <span class='ocrx_word' id='word_1_288' title='bbox 609 1923 683 1972; x_wconf 85' lang='lat' dir='ltr'>sed</span> <span class='ocrx_word' id='word_1_289' title='bbox 719 1921 861 1986; x_wconf 91' lang='lat' dir='ltr'>qualis</span> <span class='ocrx_word' id='word_1_290' title='bbox 898 1921 963 1970; x_wconf 87' lang='lat' dir='ltr'>est</span> <span class='ocrx_word' id='word_1_291' title='bbox 996 1922 1082 1969; x_wconf 92' lang='lat' dir='ltr'>illis</span> <span class='ocrx_word' id='word_1_292' title='bbox 1119 1924 1201 1987; x_wconf 91' lang='lat' dir='ltr'>qui</span> <span class='ocrx_word' id='word_1_293' title='bbox 1234 1924 1281 1971; x_wconf 92' lang='lat' dir='ltr'>in</span> <span class='ocrx_word' id='word_1_294' title='bbox 1315 1923 1516 1972; x_wconf 77' lang='lat' dir='ltr'>Ecclesia</span> <span class='ocrx_word' id='word_1_295' title='bbox 1548 1935 1787 1987; x_wconf 80' lang='lat' dir='ltr'>antequam</span> <span class='ocrx_word' id='word_1_296' title='bbox 1823 1924 1991 1972; x_wconf 81' lang='lat' dir='ltr'>intrant</span> <span class='ocrx_word' id='word_1_297' title='bbox 2026 1921 2274 1971; x_wconf 76' lang='lat' dir='ltr'>Ecclesiam</span> <span class='ocrx_word' id='word_1_298' title='bbox 2314 1939 2366 1971; x_wconf 88' lang='lat' dir='ltr'>ac</span> 
     </span>
    </p>
   </div>
   <div class='ocr_carea' id='block_1_3' title="bbox 267 1984 2366 2053">
    <p class='ocr_par' dir='ltr' id='par_1_4' title="bbox 267 1984 2366 2053">
     <span class='ocr_line' id='line_1_27' title="bbox 267 1984 2366 2053; baseline -0.002 -12"><span class='ocrx_word' id='word_1_299' title='bbox 267 2022 271 2027; x_wconf 90' lang='lat'><em>·</em></span> <span class='ocrx_word' id='word_1_300' title='bbox 358 1995 477 2041; x_wconf 90' lang='lat' dir='ltr'>fiunt</span> <span class='ocrx_word' id='word_1_301' title='bbox 500 1989 716 2048; x_wconf 77' lang='lat' dir='ltr'>Ecclesia,</span> <span class='ocrx_word' id='word_1_302' title='bbox 750 1989 830 2052; x_wconf 92' lang='lat' dir='ltr'>qui</span> <span class='ocrx_word' id='word_1_303' title='bbox 853 1987 980 2037; x_wconf 87' lang='lat' dir='ltr'>labor</span> <span class='ocrx_word' id='word_1_304' title='bbox 1006 1987 1068 2036; x_wconf 90' lang='lat' dir='ltr'>est</span> <span class='ocrx_word' id='word_1_305' title='bbox 1090 2006 1247 2053; x_wconf 88' lang='lat' dir='ltr'>pugna</span> <span class='ocrx_word' id='word_1_306' title='bbox 1269 2005 1425 2038; x_wconf 88' lang='lat' dir='ltr'>contra</span> <span class='ocrx_word' id='word_1_307' title='bbox 1450 1989 1566 2038; x_wconf 91' lang='lat' dir='ltr'>mala</span> <span class='ocrx_word' id='word_1_308' title='bbox 1588 1991 1637 2038; x_wconf 76' lang='grc' dir='ltr'>ὅτ</span> <span class='ocrx_word' id='word_1_309' title='bbox 1661 1988 1767 2038; x_wconf 90' lang='lat' dir='ltr'>falsa</span> <span class='ocrx_word' id='word_1_310' title='bbox 1790 1990 1895 2038; x_wconf 88' lang='lat' dir='ltr'>mali</span> <span class='ocrx_word' id='word_1_311' title='bbox 1916 2011 1930 2045; x_wconf 76' lang='lat'>3</span> <span class='ocrx_word' id='word_1_312' title='bbox 1971 1984 2133 2038; x_wconf 56' lang='lat' dir='ltr'>&#39;similis</span> <span class='ocrx_word' id='word_1_313' title='bbox 2156 1989 2280 2036; x_wconf 85' lang='lat' dir='ltr'>labor</span> <span class='ocrx_word' id='word_1_314' title='bbox 2318 1991 2366 2037; x_wconf 91' lang='lat' dir='ltr'>in</span> 
     </span>
    </p>
   </div>
   <div class='ocr_carea' id='block_1_4' title="bbox 294 2054 2435 3252">
    <p class='ocr_par' dir='ltr' id='par_1_5' title="bbox 294 2054 2435 3252">
     <span class='ocr_line' id='line_1_28' title="bbox 360 2054 2366 2124; baseline -0.001 -17"><span class='ocrx_word' id='word_1_315' title='bbox 360 2058 576 2124; x_wconf 81' lang='lat' dir='ltr'>spirituali</span> <span class='ocrx_word' id='word_1_316' title='bbox 610 2054 732 2103; x_wconf 89' lang='lat' dir='ltr'>sensu</span> <span class='ocrx_word' id='word_1_317' title='bbox 756 2054 845 2102; x_wconf 87' lang='lat' dir='ltr'>fuit</span> <span class='ocrx_word' id='word_1_318' title='bbox 865 2054 1075 2103; x_wconf 90' lang='lat' dir='ltr'>Domino</span> <span class='ocrx_word' id='word_1_319' title='bbox 1102 2071 1211 2103; x_wconf 91' lang='lat' dir='ltr'>cum</span> <span class='ocrx_word' id='word_1_320' title='bbox 1236 2057 1284 2102; x_wconf 89' lang='lat' dir='ltr'>in</span> <span class='ocrx_word' id='word_1_321' title='bbox 1307 2056 1483 2104; x_wconf 88' lang='lat' dir='ltr'>mundo</span> <span class='ocrx_word' id='word_1_322' title='bbox 1507 2055 1611 2112; x_wconf 89' lang='lat' dir='ltr'>fuit,</span> <span class='ocrx_word' id='word_1_323' title='bbox 1650 2058 1876 2120; x_wconf 86' lang='lat' dir='ltr'>pugnavit</span> <span class='ocrx_word' id='word_1_324' title='bbox 1909 2057 2031 2106; x_wconf 88' lang='lat' dir='ltr'>enim</span> <span class='ocrx_word' id='word_1_325' title='bbox 2063 2069 2175 2103; x_wconf 89' lang='lat' dir='ltr'>tunc</span> <span class='ocrx_word' id='word_1_326' title='bbox 2208 2068 2366 2104; x_wconf 87' lang='lat' dir='ltr'>contra</span> 
     </span>
     <span class='ocr_line' id='line_1_29' title="bbox 360 2120 2368 2186; baseline -0.002 -12"><span class='ocrx_word' id='word_1_327' title='bbox 360 2124 550 2181; x_wconf 86' lang='lat' dir='ltr'>inferna,</span> <span class='ocrx_word' id='word_1_328' title='bbox 593 2138 643 2170; x_wconf 91' lang='lat' dir='ltr'>ac</span> <span class='ocrx_word' id='word_1_329' title='bbox 673 2120 746 2169; x_wconf 90' lang='lat' dir='ltr'>illa</span> <span class='ocrx_word' id='word_1_330' title='bbox 780 2132 832 2168; x_wconf 93' lang='lat' dir='ltr'>ut</span> <span class='ocrx_word' id='word_1_331' title='bbox 867 2121 916 2169; x_wconf 78' lang='grc' dir='ltr'>ὅτ</span> <span class='ocrx_word' id='word_1_332' title='bbox 941 2120 1085 2168; x_wconf 86' lang='lat' dir='ltr'>coelos</span> <span class='ocrx_word' id='word_1_333' title='bbox 1119 2123 1166 2168; x_wconf 89' lang='lat' dir='ltr'>in</span> <span class='ocrx_word' id='word_1_334' title='bbox 1200 2122 1408 2175; x_wconf 85' lang='lat' dir='ltr'>ordinem</span> <span class='ocrx_word' id='word_1_335' title='bbox 1451 2122 1658 2186; x_wconf 79' lang='lat' dir='ltr'>redegit3</span> <span class='ocrx_word' id='word_1_336' title='bbox 1704 2127 1750 2170; x_wconf 85' lang='lat'>&amp;</span> <span class='ocrx_word' id='word_1_337' title='bbox 1780 2122 1912 2170; x_wconf 84' lang='lat' dir='ltr'>fimul</span> <span class='ocrx_word' id='word_1_338' title='bbox 1948 2135 2057 2168; x_wconf 92' lang='lat' dir='ltr'>tunc</span> <span class='ocrx_word' id='word_1_339' title='bbox 2092 2121 2368 2185; x_wconf 85' lang='lat' dir='ltr'>glorificavit</span> 
     </span>
     <span class='ocr_line' id='line_1_30' title="bbox 357 2187 2363 2258; baseline -0.002 -18"><span class='ocrx_word' id='word_1_340' title='bbox 357 2193 646 2240; x_wconf 87' lang='lat' dir='ltr'>Humanum</span> <span class='ocrx_word' id='word_1_341' title='bbox 663 2187 812 2258; x_wconf 79' lang='lat' dir='ltr'>suum,</span> <span class='ocrx_word' id='word_1_342' title='bbox 854 2188 942 2235; x_wconf 90' lang='lat' dir='ltr'>hoc</span> <span class='ocrx_word' id='word_1_343' title='bbox 964 2187 1045 2244; x_wconf 90' lang='lat' dir='ltr'>est,</span> <span class='ocrx_word' id='word_1_344' title='bbox 1080 2189 1230 2237; x_wconf 79' lang='lat' dir='ltr'>univit</span> <span class='ocrx_word' id='word_1_345' title='bbox 1262 2189 1350 2253; x_wconf 88' lang='lat' dir='ltr'>Ipfi</span> <span class='ocrx_word' id='word_1_346' title='bbox 1374 2190 1549 2237; x_wconf 90' lang='lat' dir='ltr'>Divino</span> <span class='ocrx_word' id='word_1_347' title='bbox 1583 2189 1710 2252; x_wconf 91' lang='lat' dir='ltr'>quod</span> <span class='ocrx_word' id='word_1_348' title='bbox 1735 2189 1823 2252; x_wconf 83' lang='lat' dir='ltr'>Ipfi</span> <span class='ocrx_word' id='word_1_349' title='bbox 1857 2205 1913 2236; x_wconf 88' lang='lat' dir='ltr'>ex</span> <span class='ocrx_word' id='word_1_350' title='bbox 1938 2190 2233 2253; x_wconf 87' lang='lat' dir='ltr'>conceptione</span> <span class='ocrx_word' id='word_1_351' title='bbox 2258 2187 2363 2246; x_wconf 89' lang='lat' dir='ltr'>fuit,</span> 
     </span>
     <span class='ocr_line' id='line_1_31' title="bbox 358 2254 2363 2319; baseline -0.001 -15"><span class='ocrx_word' id='word_1_352' title='bbox 358 2259 564 2306; x_wconf 83' lang='lat' dir='ltr'>videatur</span> <span class='ocrx_word' id='word_1_353' title='bbox 598 2269 823 2319; x_wconf 82' lang='lat' dir='ltr'>n:9715.</span> <span class='ocrx_word' id='word_1_354' title='bbox 851 2259 997 2319; x_wconf 88' lang='lat'>9809.</span> <span class='ocrx_word' id='word_1_355' title='bbox 1069 2256 1282 2319; x_wconf 88' lang='lat' dir='ltr'>Tempus</span> <span class='ocrx_word' id='word_1_356' title='bbox 1303 2271 1353 2302; x_wconf 92' lang='lat' dir='ltr'>ac</span> <span class='ocrx_word' id='word_1_357' title='bbox 1375 2254 1528 2312; x_wconf 90' lang='lat' dir='ltr'>status,</span> <span class='ocrx_word' id='word_1_358' title='bbox 1564 2271 1672 2302; x_wconf 88' lang='lat' dir='ltr'>cum</span> <span class='ocrx_word' id='word_1_359' title='bbox 1698 2256 1930 2302; x_wconf 88' lang='lat' dir='ltr'>Dominus</span> <span class='ocrx_word' id='word_1_360' title='bbox 1965 2256 2010 2302; x_wconf 87' lang='lat' dir='ltr'>in</span> <span class='ocrx_word' id='word_1_361' title='bbox 2049 2257 2219 2318; x_wconf 85' lang='lat' dir='ltr'>pugnis</span> <span class='ocrx_word' id='word_1_362' title='bbox 2258 2254 2363 2311; x_wconf 87' lang='lat' dir='ltr'>fuit,</span> 
     </span>
     <span class='ocr_line' id='line_1_32' title="bbox 358 2319 2367 2388; baseline -0.001 -16"><span class='ocrx_word' id='word_1_363' title='bbox 358 2324 636 2388; x_wconf 71' lang='lat' dir='ltr'>significatur</span> <span class='ocrx_word' id='word_1_364' title='bbox 659 2334 738 2385; x_wconf 85' lang='lat' dir='ltr'>per</span> <span class='ocrx_word' id='word_1_365' title='bbox 761 2319 835 2368; x_wconf 87' lang='lat' dir='ltr'>sex</span> <span class='ocrx_word' id='word_1_366' title='bbox 860 2320 956 2368; x_wconf 87' lang='lat' dir='ltr'>dies</span> <span class='ocrx_word' id='word_1_367' title='bbox 979 2319 1167 2378; x_wconf 86' lang='lat' dir='ltr'>laboris,</span> <span class='ocrx_word' id='word_1_368' title='bbox 1207 2335 1250 2368; x_wconf 91' lang='lat' dir='ltr'>at</span> <span class='ocrx_word' id='word_1_369' title='bbox 1274 2321 1410 2369; x_wconf 88' lang='lat' dir='ltr'>status</span> <span class='ocrx_word' id='word_1_370' title='bbox 1443 2338 1550 2370; x_wconf 88' lang='lat' dir='ltr'>curn</span> <span class='ocrx_word' id='word_1_371' title='bbox 1576 2323 1686 2370; x_wconf 91' lang='lat' dir='ltr'>unio</span> <span class='ocrx_word' id='word_1_372' title='bbox 1719 2319 1836 2370; x_wconf 60' lang='lat' dir='ltr'>faeta</span> <span class='ocrx_word' id='word_1_373' title='bbox 1865 2321 1946 2379; x_wconf 88' lang='lat' dir='ltr'>est,</span> <span class='ocrx_word' id='word_1_374' title='bbox 1987 2321 2265 2385; x_wconf 76' lang='lat' dir='ltr'>significatur</span> <span class='ocrx_word' id='word_1_375' title='bbox 2286 2338 2367 2386; x_wconf 88' lang='lat' dir='ltr'>per</span> 
     </span>
     <span class='ocr_line' id='line_1_33' title="bbox 348 2387 2365 2452; baseline -0.001 -14"><span class='ocrx_word' id='word_1_376' title='bbox 348 2392 485 2444; x_wconf 71' lang='lat' dir='ltr'>‘diem</span> <span class='ocrx_word' id='word_1_377' title='bbox 520 2389 794 2452; x_wconf 87' lang='lat' dir='ltr'>septimum;</span> <span class='ocrx_word' id='word_1_378' title='bbox 833 2389 914 2449; x_wconf 85' lang='lat' dir='ltr'>qui</span> <span class='ocrx_word' id='word_1_379' title='bbox 938 2387 1105 2435; x_wconf 89' lang='lat' dir='ltr'>dicitur</span> <span class='ocrx_word' id='word_1_380' title='bbox 1142 2387 1405 2436; x_wconf 85' lang='lat' dir='ltr'>sabbathum</span> <span class='ocrx_word' id='word_1_381' title='bbox 1438 2405 1461 2435; x_wconf 90' lang='lat' dir='ltr'>a</span> <span class='ocrx_word' id='word_1_382' title='bbox 1495 2390 1663 2452; x_wconf 88' lang='lat' dir='ltr'>quiete,</span> <span class='ocrx_word' id='word_1_383' title='bbox 1704 2390 1810 2452; x_wconf 90' lang='lat' dir='ltr'>quia</span> <span class='ocrx_word' id='word_1_384' title='bbox 1843 2402 1951 2436; x_wconf 92' lang='lat' dir='ltr'>tunc</span> <span class='ocrx_word' id='word_1_385' title='bbox 1975 2391 2100 2452; x_wconf 89' lang='lat' dir='ltr'>quies</span> <span class='ocrx_word' id='word_1_386' title='bbox 2125 2389 2365 2436; x_wconf 86' lang='lat' dir='ltr'>Domino:</span> 
     </span>
     <span class='ocr_line' id='line_1_34' title="bbox 360 2451 2435 2520; baseline -0.001 -16"><span class='ocrx_word' id='word_1_387' title='bbox 360 2458 466 2504; x_wconf 85' lang='lat' dir='ltr'>inde</span> <span class='ocrx_word' id='word_1_388' title='bbox 499 2471 591 2520; x_wconf 68' lang='lat' dir='ltr'>per-</span> <span class='ocrx_word' id='word_1_389' title='bbox 616 2453 878 2500; x_wconf 84' lang='lat' dir='ltr'>sabbathum</span> <span class='ocrx_word' id='word_1_390' title='bbox 914 2454 1048 2500; x_wconf 89' lang='lat' dir='ltr'>etiam</span> <span class='ocrx_word' id='word_1_391' title='bbox 1091 2454 1366 2516; x_wconf 72' lang='lat' dir='ltr'>significatur</span> <span class='ocrx_word' id='word_1_392' title='bbox 1399 2453 1662 2518; x_wconf 60' lang='lat' dir='ltr'>conjunctio</span> <span class='ocrx_word' id='word_1_393' title='bbox 1698 2456 1891 2502; x_wconf 90' lang='lat' dir='ltr'>Domini</span> <span class='ocrx_word' id='word_1_394' title='bbox 1931 2471 2041 2502; x_wconf 87' lang='lat' dir='ltr'>cum</span> <span class='ocrx_word' id='word_1_395' title='bbox 2066 2455 2221 2512; x_wconf 82' lang='lat' dir='ltr'>Coelo,</span> <span class='ocrx_word' id='word_1_396' title='bbox 2258 2470 2368 2502; x_wconf 88' lang='lat' dir='ltr'>cum</span> <span class='ocrx_word' id='word_1_397' title='bbox 2423 2451 2435 2460; x_wconf 73' lang='grc'>’</span> 
     </span>
     <span class='ocr_line' id='line_1_35' title="bbox 360 2517 2395 2584; baseline 0 -16"><span class='ocrx_word' id='word_1_398' title='bbox 360 2521 580 2577; x_wconf 82' lang='lat' dir='ltr'>Ecclefia,</span> <span class='ocrx_word' id='word_1_399' title='bbox 616 2535 724 2566; x_wconf 83' lang='lat' dir='ltr'>cum</span> <span class='ocrx_word' id='word_1_400' title='bbox 749 2517 911 2581; x_wconf 90' lang='lat' dir='ltr'>angelo</span> <span class='ocrx_word' id='word_1_401' title='bbox 933 2519 1040 2565; x_wconf 88' lang='lat' dir='ltr'>coeli</span> <span class='ocrx_word' id='word_1_402' title='bbox 1079 2521 1126 2566; x_wconf 89' lang='lat'>&amp;</span> <span class='ocrx_word' id='word_1_403' title='bbox 1152 2535 1260 2567; x_wconf 89' lang='lat' dir='ltr'>curn</span> <span class='ocrx_word' id='word_1_404' title='bbox 1298 2520 1483 2567; x_wconf 86' lang='lat' dir='ltr'>homine</span> <span class='ocrx_word' id='word_1_405' title='bbox 1514 2520 1745 2576; x_wconf 76' lang='lat' dir='ltr'>ecclefiae3</span> <span class='ocrx_word' id='word_1_406' title='bbox 1791 2520 1918 2568; x_wconf 89' lang='lat' dir='ltr'>causa</span> <span class='ocrx_word' id='word_1_407' title='bbox 1949 2520 2029 2578; x_wconf 89' lang='lat' dir='ltr'>est,</span> <span class='ocrx_word' id='word_1_408' title='bbox 2068 2523 2174 2584; x_wconf 91' lang='lat' dir='ltr'>quia</span> <span class='ocrx_word' id='word_1_409' title='bbox 2206 2537 2367 2568; x_wconf 86' lang='lat' dir='ltr'>omnes</span> <span class='ocrx_word' id='word_1_410' title='bbox 2392 2548 2395 2550; x_wconf 91' lang='lat'><em>-</em></span> 
     </span>
     <span class='ocr_line' id='line_1_36' title="bbox 362 2583 2368 2652; baseline -0 -17"><span class='ocrx_word' id='word_1_411' title='bbox 362 2589 446 2652; x_wconf 90' lang='lat' dir='ltr'>qui</span> <span class='ocrx_word' id='word_1_412' title='bbox 483 2586 531 2634; x_wconf 90' lang='lat' dir='ltr'>in</span> <span class='ocrx_word' id='word_1_413' title='bbox 569 2584 743 2632; x_wconf 87' lang='lat' dir='ltr'>coelum</span> <span class='ocrx_word' id='word_1_414' title='bbox 769 2584 947 2631; x_wconf 84' lang='lat' dir='ltr'>venturi</span> <span class='ocrx_word' id='word_1_415' title='bbox 987 2583 1106 2641; x_wconf 84' lang='lat' dir='ltr'>sunt,</span> <span class='ocrx_word' id='word_1_416' title='bbox 1154 2587 1355 2649; x_wconf 88' lang='lat' dir='ltr'>primum</span> <span class='ocrx_word' id='word_1_417' title='bbox 1382 2586 1438 2640; x_wconf 61' lang='lat' dir='ltr'>,in</span> <span class='ocrx_word' id='word_1_418' title='bbox 1474 2587 1642 2650; x_wconf 87' lang='lat' dir='ltr'>pugnis</span> <span class='ocrx_word' id='word_1_419' title='bbox 1675 2600 1807 2635; x_wconf 87' lang='lat' dir='ltr'>erunt</span> <span class='ocrx_word' id='word_1_420' title='bbox 1845 2600 2005 2635; x_wconf 87' lang='lat' dir='ltr'>contra</span> <span class='ocrx_word' id='word_1_421' title='bbox 2029 2587 2149 2635; x_wconf 88' lang='lat' dir='ltr'>mala</span> <span class='ocrx_word' id='word_1_422' title='bbox 2182 2589 2231 2636; x_wconf 80' lang='grc' dir='ltr'>ὅτ,</span> <span class='ocrx_word' id='word_1_423' title='bbox 2264 2586 2368 2635; x_wconf 88' lang='lat' dir='ltr'>falsa</span> 
     </span>
     <span class='ocr_line' id='line_1_37' title="bbox 363 2650 2363 2717; baseline 0 -14"><span class='ocrx_word' id='word_1_424' title='bbox 363 2653 492 2712; x_wconf 85' lang='lat' dir='ltr'>mali,</span> <span class='ocrx_word' id='word_1_425' title='bbox 525 2653 573 2700; x_wconf 72' lang='grc' dir='ltr'>δε</span> <span class='ocrx_word' id='word_1_426' title='bbox 598 2667 707 2699; x_wconf 88' lang='lat' dir='ltr'>cum</span> <span class='ocrx_word' id='word_1_427' title='bbox 741 2650 841 2698; x_wconf 88' lang='lat' dir='ltr'>haec</span> <span class='ocrx_word' id='word_1_428' title='bbox 864 2650 1055 2714; x_wconf 89' lang='lat' dir='ltr'>separata</span> <span class='ocrx_word' id='word_1_429' title='bbox 1089 2650 1206 2710; x_wconf 88' lang='lat' dir='ltr'>sunt,</span> <span class='ocrx_word' id='word_1_430' title='bbox 1247 2653 1413 2700; x_wconf 76' lang='lat' dir='ltr'>intrant</span> <span class='ocrx_word' id='word_1_431' title='bbox 1451 2653 1644 2709; x_wconf 87' lang='lat' dir='ltr'>coelum,</span> <span class='ocrx_word' id='word_1_432' title='bbox 1684 2654 1734 2701; x_wconf 88' lang='lat'>&amp;</span> <span class='ocrx_word' id='word_1_433' title='bbox 1774 2651 2115 2717; x_wconf 86' lang='lat' dir='ltr'>conjunguntur</span> <span class='ocrx_word' id='word_1_434' title='bbox 2136 2655 2363 2712; x_wconf 81' lang='lat' dir='ltr'>Domino,</span> 
     </span>
     <span class='ocr_line' id='line_1_38' title="bbox 363 2717 2363 2787; baseline 0 -18"><span class='ocrx_word' id='word_1_435' title='bbox 363 2723 412 2769; x_wconf 85' lang='lat'>&amp;</span> <span class='ocrx_word' id='word_1_436' title='bbox 438 2734 547 2768; x_wconf 91' lang='lat' dir='ltr'>tunc</span> <span class='ocrx_word' id='word_1_437' title='bbox 570 2718 656 2765; x_wconf 90' lang='lat' dir='ltr'>illis</span> <span class='ocrx_word' id='word_1_438' title='bbox 678 2719 841 2781; x_wconf 88' lang='lat' dir='ltr'>quies;</span> <span class='ocrx_word' id='word_1_439' title='bbox 888 2717 1088 2787; x_wconf 41' lang='lat' dir='ltr'>sim-iliter</span> <span class='ocrx_word' id='word_1_440' title='bbox 1113 2719 1318 2767; x_wconf 91' lang='lat' dir='ltr'>homines</span> <span class='ocrx_word' id='word_1_441' title='bbox 1357 2720 1402 2766; x_wconf 93' lang='lat' dir='ltr'>in</span> <span class='ocrx_word' id='word_1_442' title='bbox 1428 2719 1640 2776; x_wconf 86' lang='lat' dir='ltr'>mundo·‚</span> <span class='ocrx_word' id='word_1_443' title='bbox 1684 2720 1812 2784; x_wconf 88' lang='lat' dir='ltr'>quod</span> <span class='ocrx_word' id='word_1_444' title='bbox 1850 2722 1897 2767; x_wconf 91' lang='lat' dir='ltr'>hi</span> <span class='ocrx_word' id='word_1_445' title='bbox 1936 2723 1981 2768; x_wconf 91' lang='lat' dir='ltr'>in</span> <span class='ocrx_word' id='word_1_446' title='bbox 2004 2724 2187 2785; x_wconf 84' lang='lat' dir='ltr'>pugnis.</span> <span class='ocrx_word' id='word_1_447' title='bbox 2214 2735 2363 2776; x_wconf 89' lang='lat' dir='ltr'>erunt,</span> 
     </span>
     <span class='ocr_line' id='line_1_39' title="bbox 362 2778 2366 2852; baseline 0 -18"><span class='ocrx_word' id='word_1_448' title='bbox 362 2789 436 2834; x_wconf 88' lang='lat' dir='ltr'>seu</span> <span class='ocrx_word' id='word_1_449' title='bbox 461 2785 588 2849; x_wconf 88' lang='lat' dir='ltr'>quod</span> <span class='ocrx_word' id='word_1_450' title='bbox 611 2786 876 2838; x_wconf 72' lang='lat' dir='ltr'>tentationes</span> <span class='ocrx_word' id='word_1_451' title='bbox 898 2783 1102 2842; x_wconf 81' lang='lat' dir='ltr'>subituri,</span> <span class='ocrx_word' id='word_1_452' title='bbox 1142 2798 1383 2850; x_wconf 87' lang='lat' dir='ltr'>antequam</span> <span class='ocrx_word' id='word_1_453' title='bbox 1408 2787 1455 2834; x_wconf 89' lang='lat' dir='ltr'>in</span> <span class='ocrx_word' id='word_1_454' title='bbox 1477 2787 1565 2834; x_wconf 89' lang='lat' dir='ltr'>illis</span> <span class='ocrx_word' id='word_1_455' title='bbox 1590 2786 1763 2834; x_wconf 88' lang='lat' dir='ltr'>bonurn</span> <span class='ocrx_word' id='word_1_456' title='bbox 1790 2788 1838 2834; x_wconf 89' lang='lat'>&amp;</span> <span class='ocrx_word' id='word_1_457' title='bbox 1861 2804 2040 2844; x_wconf 87' lang='lat' dir='ltr'>verum,</span> <span class='ocrx_word' id='word_1_458' title='bbox 2066 2778 2172 2852; x_wconf 61' lang='lat' dir='ltr'>quae</span> <span class='ocrx_word' id='word_1_459' title='bbox 2197 2787 2366 2836; x_wconf 84' lang='lat' dir='ltr'>faciunt</span> 
     </span>
     <span class='ocr_line' id='line_1_40' title="bbox 294 2849 2398 2917; baseline 0 -16"><span class='ocrx_word' id='word_1_460' title='bbox 294 2878 299 2881; x_wconf 56' lang='lat'><strong><em>¹</em></strong></span> <span class='ocrx_word' id='word_1_461' title='bbox 364 2852 631 2909; x_wconf 80' lang='lat' dir='ltr'>Ecclesiam,</span> <span class='ocrx_word' id='word_1_462' title='bbox 668 2849 931 2913; x_wconf 86' lang='lat' dir='ltr'>implantata</span> <span class='ocrx_word' id='word_1_463' title='bbox 953 2851 1070 2908; x_wconf 91' lang='lat' dir='ltr'>sunt,</span> <span class='ocrx_word' id='word_1_464' title='bbox 1111 2866 1273 2900; x_wconf 88' lang='lat' dir='ltr'>notum</span> <span class='ocrx_word' id='word_1_465' title='bbox 1297 2852 1379 2910; x_wconf 86' lang='lat' dir='ltr'>est,</span> <span class='ocrx_word' id='word_1_466' title='bbox 1419 2854 1480 2900; x_wconf 94' lang='lat' dir='ltr'>ita</span> <span class='ocrx_word' id='word_1_467' title='bbox 1501 2865 1740 2917; x_wconf 89' lang='lat' dir='ltr'>antequam</span> <span class='ocrx_word' id='word_1_468' title='bbox 1765 2851 1993 2916; x_wconf 60' lang='lat' dir='ltr'>conjuncti</span> <span class='ocrx_word' id='word_1_469' title='bbox 2018 2856 2116 2901; x_wconf 88' lang='lat' dir='ltr'>sunt</span> <span class='ocrx_word' id='word_1_470' title='bbox 2139 2856 2365 2910; x_wconf 75' lang='lat' dir='ltr'>Domino,</span> <span class='ocrx_word' id='word_1_471' title='bbox 2395 2893 2398 2895; x_wconf 54' lang='grc'><strong>,</strong></span> 
     </span>
     <span class='ocr_line' id='line_1_41' title="bbox 364 2916 2366 2986; baseline 0 -18"><span class='ocrx_word' id='word_1_472' title='bbox 364 2918 686 2981; x_wconf 89' lang='lat' dir='ltr'>consequenter</span> <span class='ocrx_word' id='word_1_473' title='bbox 714 2916 958 2980; x_wconf 67' lang='lat' dir='ltr'>anteq‘uam</span> <span class='ocrx_word' id='word_1_474' title='bbox 992 2917 1078 2964; x_wconf 89' lang='lat' dir='ltr'>illis</span> <span class='ocrx_word' id='word_1_475' title='bbox 1100 2920 1260 2981; x_wconf 90' lang='lat' dir='ltr'>quies:</span> <span class='ocrx_word' id='word_1_476' title='bbox 1305 2918 1412 2966; x_wconf 85' lang='lat' dir='ltr'>inde</span> <span class='ocrx_word' id='word_1_477' title='bbox 1434 2931 1573 2983; x_wconf 88' lang='lat' dir='ltr'>patet,</span> <span class='ocrx_word' id='word_1_478' title='bbox 1606 2920 1727 2967; x_wconf 90' lang='lat' dir='ltr'>unde</span> <span class='ocrx_word' id='word_1_479' title='bbox 1761 2919 1840 2977; x_wconf 86' lang='lat' dir='ltr'>est,</span> <span class='ocrx_word' id='word_1_480' title='bbox 1885 2921 2011 2984; x_wconf 92' lang='lat' dir='ltr'>quod</span> <span class='ocrx_word' id='word_1_481' title='bbox 2035 2921 2170 2968; x_wconf 89' lang='lat' dir='ltr'>status</span> <span class='ocrx_word' id='word_1_482' title='bbox 2192 2937 2366 2986; x_wconf 84' lang='lat' dir='ltr'>pugnae</span> 
     </span>
     <span class='ocr_line' id='line_1_42' title="bbox 333 2981 2368 3051; baseline 0.002 -17"><span class='ocrx_word' id='word_1_483' title='bbox 333 3036 336 3038; x_wconf 67' lang='grc'>,</span> <span class='ocrx_word' id='word_1_484' title='bbox 357 2985 651 3050; x_wconf 15' lang='lat' dir='ltr'>*significetur*</span> <span class='ocrx_word' id='word_1_485' title='bbox 676 2999 756 3047; x_wconf 87' lang='lat' dir='ltr'>per</span> <span class='ocrx_word' id='word_1_486' title='bbox 779 2981 854 3029; x_wconf 84' lang='lat' dir='ltr'>sex</span> <span class='ocrx_word' id='word_1_487' title='bbox 877 2983 972 3029; x_wconf 88' lang='lat' dir='ltr'>dies</span> <span class='ocrx_word' id='word_1_488' title='bbox 995 2982 1174 3042; x_wconf 89' lang='lat' dir='ltr'>laboris,</span> <span class='ocrx_word' id='word_1_489' title='bbox 1208 3000 1257 3031; x_wconf 91' lang='lat' dir='ltr'>ac</span> <span class='ocrx_word' id='word_1_490' title='bbox 1281 2985 1408 3048; x_wconf 91' lang='lat' dir='ltr'>quies</span> <span class='ocrx_word' id='word_1_491' title='bbox 1441 2997 1494 3032; x_wconf 91' lang='lat' dir='ltr'>ut</span> <span class='ocrx_word' id='word_1_492' title='bbox 1516 2987 1565 3034; x_wconf 89' lang='lat'>&amp;</span> <span class='ocrx_word' id='word_1_493' title='bbox 1589 2985 1851 3050; x_wconf 68' lang='lat' dir='ltr'>conjunftio</span> <span class='ocrx_word' id='word_1_494' title='bbox 1874 3002 1953 3051; x_wconf 89' lang='lat' dir='ltr'>per</span> <span class='ocrx_word' id='word_1_495' title='bbox 1976 2987 2098 3033; x_wconf 90' lang='lat' dir='ltr'>diem</span> <span class='ocrx_word' id='word_1_496' title='bbox 2124 2987 2368 3051; x_wconf 88' lang='lat' dir='ltr'>septimum</span> 
     </span>
     <span class='ocr_line' id='line_1_43' title="bbox 365 3048 2370 3119; baseline 0.003 -20"><span class='ocrx_word' id='word_1_497' title='bbox 365 3053 441 3100; x_wconf 84' lang='lat' dir='ltr'>seu</span> <span class='ocrx_word' id='word_1_498' title='bbox 464 3050 743 3098; x_wconf 85' lang='lat' dir='ltr'>sabbathum.</span> <span class='ocrx_word' id='word_1_499' title='bbox 815 3048 958 3108; x_wconf 87' lang='lat' dir='ltr'>Quod</span> <span class='ocrx_word' id='word_1_500' title='bbox 982 3050 1117 3097; x_wconf 86' lang='lat' dir='ltr'>etiam</span> <span class='ocrx_word' id='word_1_501' title='bbox 1153 3048 1416 3114; x_wconf 72' lang='lat' dir='ltr'>conjunffio</span> <span class='ocrx_word' id='word_1_502' title='bbox 1438 3048 1547 3100; x_wconf 84' lang='lat' dir='ltr'>boni</span> <span class='ocrx_word' id='word_1_503' title='bbox 1579 3054 1630 3102; x_wconf 87' lang='lat'>&amp;</span> <span class='ocrx_word' id='word_1_504' title='bbox 1653 3055 1748 3100; x_wconf 89' lang='lat' dir='ltr'>veri</span> <span class='ocrx_word' id='word_1_505' title='bbox 1788 3070 1869 3116; x_wconf 84' lang='lat' dir='ltr'>per</span> <span class='ocrx_word' id='word_1_506' title='bbox 1902 3052 2166 3101; x_wconf 87' lang='lat' dir='ltr'>sabbathum</span> <span class='ocrx_word' id='word_1_507' title='bbox 2196 3055 2370 3119; x_wconf 76' lang='lat' dir='ltr'>signifi-</span> 
     </span>
     <span class='ocr_line' id='line_1_44' title="bbox 367 3115 2370 3182; baseline 0.003 -16"><span class='ocrx_word' id='word_1_508' title='bbox 367 3129 512 3175; x_wconf 89' lang='lat' dir='ltr'>cetur,</span> <span class='ocrx_word' id='word_1_509' title='bbox 559 3116 624 3165; x_wconf 90' lang='lat' dir='ltr'>est</span> <span class='ocrx_word' id='word_1_510' title='bbox 662 3118 770 3180; x_wconf 89' lang='lat' dir='ltr'>quia</span> <span class='ocrx_word' id='word_1_511' title='bbox 808 3132 917 3163; x_wconf 87' lang='lat' dir='ltr'>curn</span> <span class='ocrx_word' id='word_1_512' title='bbox 956 3115 1098 3164; x_wconf 91' lang='lat' dir='ltr'>horno</span> <span class='ocrx_word' id='word_1_513' title='bbox 1131 3117 1176 3164; x_wconf 93' lang='lat' dir='ltr'>in</span> <span class='ocrx_word' id='word_1_514' title='bbox 1217 3118 1386 3182; x_wconf 90' lang='lat' dir='ltr'>pugnis</span> <span class='ocrx_word' id='word_1_515' title='bbox 1424 3117 1506 3176; x_wconf 91' lang='lat' dir='ltr'>est,</span> <span class='ocrx_word' id='word_1_516' title='bbox 1543 3132 1653 3168; x_wconf 89' lang='lat' dir='ltr'>tunc</span> <span class='ocrx_word' id='word_1_517' title='bbox 1684 3123 1731 3167; x_wconf 91' lang='lat' dir='ltr'>in</span> <span class='ocrx_word' id='word_1_518' title='bbox 1768 3122 1883 3168; x_wconf 87' lang='lat' dir='ltr'>veris</span> <span class='ocrx_word' id='word_1_519' title='bbox 1920 3119 1999 3175; x_wconf 89' lang='lat' dir='ltr'>est,</span> <span class='ocrx_word' id='word_1_520' title='bbox 2045 3134 2088 3167; x_wconf 86' lang='lat' dir='ltr'>at</span> <span class='ocrx_word' id='word_1_521' title='bbox 2122 3137 2230 3168; x_wconf 89' lang='lat' dir='ltr'>cum</span> <span class='ocrx_word' id='word_1_522' title='bbox 2265 3118 2370 3174; x_wconf 85' lang='lat' dir='ltr'>vera</span> 
     </span>
     <span class='ocr_line' id='line_1_45' title="bbox 370 3181 2372 3252; baseline 0.003 -19"><span class='ocrx_word' id='word_1_523' title='bbox 370 3181 609 3246; x_wconf 69' lang='lat' dir='ltr'>conjuntSta</span> <span class='ocrx_word' id='word_1_524' title='bbox 630 3182 732 3232; x_wconf 89' lang='lat' dir='ltr'>sunt</span> <span class='ocrx_word' id='word_1_525' title='bbox 755 3182 893 3242; x_wconf 93' lang='lat' dir='ltr'>b0n0‚</span> <span class='ocrx_word' id='word_1_526' title='bbox 930 3182 990 3233; x_wconf 90' lang='lat' dir='ltr'>ita</span> <span class='ocrx_word' id='word_1_527' title='bbox 1013 3199 1122 3232; x_wconf 89' lang='lat' dir='ltr'>cum</span> <span class='ocrx_word' id='word_1_528' title='bbox 1143 3183 1288 3234; x_wconf 88' lang='lat' dir='ltr'>horno</span> <span class='ocrx_word' id='word_1_529' title='bbox 1312 3185 1360 3231; x_wconf 92' lang='lat' dir='ltr'>in</span> <span class='ocrx_word' id='word_1_530' title='bbox 1386 3184 1511 3234; x_wconf 91' lang='lat' dir='ltr'>bono</span> <span class='ocrx_word' id='word_1_531' title='bbox 1541 3186 1622 3245; x_wconf 90' lang='lat' dir='ltr'>est,</span> <span class='ocrx_word' id='word_1_532' title='bbox 1662 3201 1773 3236; x_wconf 90' lang='lat' dir='ltr'>tunc</span> <span class='ocrx_word' id='word_1_533' title='bbox 1806 3188 1849 3236; x_wconf 89' lang='lat' dir='ltr'>ei</span> <span class='ocrx_word' id='word_1_534' title='bbox 1882 3187 2041 3252; x_wconf 85' lang='lat' dir='ltr'>quies:</span> <span class='ocrx_word' id='word_1_535' title='bbox 2087 3187 2290 3243; x_wconf 73' lang='lat' dir='ltr'>similiter</span> <span class='ocrx_word' id='word_1_536' title='bbox 2322 3209 2372 3239; x_wconf 90' lang='lat' dir='ltr'>ac</span> 
     </span>
    </p>
   </div>
   <div class='ocr_carea' id='block_1_5' title="bbox 373 3250 2379 3325">
    <p class='ocr_par' dir='ltr' id='par_1_6' title="bbox 373 3250 2379 3325">
     <span class='ocr_line' id='line_1_46' title="bbox 373 3250 2379 3325; baseline 0.003 -27"><span class='ocrx_word' id='word_1_537' title='bbox 373 3320 377 3325; x_wconf 26' lang='lat'><em>&#39;</em></span> <span class='ocrx_word' id='word_1_538' title='bbox 437 3250 577 3298; x_wconf 81' lang='lat' dir='ltr'>PARS</span> <span class='ocrx_word' id='word_1_539' title='bbox 598 3250 681 3300; x_wconf 91' lang='lat'>111.</span> <span class='ocrx_word' id='word_1_540' title='bbox 1239 3279 1246 3283; x_wconf 23' lang='grc' dir='ltr'>κ</span> <span class='ocrx_word' id='word_1_541' title='bbox 1300 3250 1357 3312; x_wconf 89' lang='lat' dir='ltr'>Q</span> <span class='ocrx_word' id='word_1_542' title='bbox 1377 3268 1410 3318; x_wconf 94' lang='lat' dir='ltr'>q</span> <span class='ocrx_word' id='word_1_543' title='bbox 1434 3268 1467 3316; x_wconf 94' lang='lat' dir='ltr'>q</span> <span class='ocrx_word' id='word_1_544' title='bbox 1837 3278 1845 3279; x_wconf 28' lang='lat' dir='ltr'><em>ff</em></span> <span class='ocrx_word' id='word_1_545' title='bbox 2129 3254 2379 3316; x_wconf 75' lang='lat' dir='ltr'>Dominus,</span> 
     </span>
    </p>
   </div>
  </div>
 </body>
</html>
