2840 3718
477 253 576 311 44
1042 224 1106 293 Ε
1195 226 1277 294 X
1365 226 1419 290 0
1513 224 1606 291 D·
1679 226 1751 291 U
1833 224 1898 291 S.
1980 240 1983 243 ,

479 347 813 416 receptaculum
834 347 1125 405 coelestium,
1165 365 1224 397 ex
1249 349 1570 413 fignificatione
1606 351 1749 413 panis,
1784 348 1910 412 quod
1945 347 1990 396 in
2020 347 2231 426 supremo
2260 348 2383 400 sensu
2419 351 2472 401 fit

481 420 730 474 Dominus,
766 433 815 464 ac
839 418 884 463 in
909 417 1031 463 sensu
1055 415 1321 480 respeffivo,
1353 416 1528 463 bonum
1558 418 1724 463 amoris
1757 416 1884 479 quod
1919 415 1973 462 ab
1995 414 2114 479 Ipso,
2157 418 2219 463 ita
2239 417 2472 467 Dominus

485 484 636 548 quoad
673 485 844 531 bonum
884 482 1078 538 coeleste,
1122 482 1179 529 de
1216 495 1306 545 qua
1339 498 1398 529 n:
1421 482 1561 543 2165.
1610 499 1751 547 2177.
1791 482 1933 545 3464.
1973 498 2115 558 3735.
2151 486 2293 546 3813.
2325 500 2473 543 4211.

484 566 614 662 ἓξὲξ
622 549 1181 675 &335523253351
1203 547 1520 660 ,ἷὲὶῗοὲηξξῖ
1533 547 2049 676 ιῖῗὲῑῖίἓιῗξῗῗὲἓξὲ,
2038 563 2299 678 Ἥξῗξὲ.
2322 552 2475 665 iffi?
2547 602 2550 604 ’

488 686 628 740 8410.
657 697 816 744 9323;
856 680 904 727 δε
928 695 984 726 ex
1021 679 1340 742 significatione
1361 677 1596 734 facierum,
1632 695 1740 726 cum
1774 680 1832 726 de
1853 680 2076 736 Domino,
2111 681 2238 742 quod
2259 679 2315 727 fit
2335 697 2473 728 omne

485 747 531 792 id
572 746 707 808 quod·
737 762 795 792 ex
829 746 1004 792 Divino
1027 748 1220 802 Amore,
1271 757 1409 808 prout
1443 745 1718 811 Innocentia,
1764 745 1878 801 Pax,
1926 714 2180 802 Gaudium,
2224 746 2286 793 ita
2323 731 2472 811 ipsum

485 811 658 858 coelum
688 811 810 875 apud
834 811 1396 873 hom1nem&angelum
1437 826 1496 858 n:
1519 809 1628 860 222.
1662 827 1772 873 223.
1801 815 1944 872 5585.
1972 812 2115 873 9306.
2480 874 2482 876 q

555 878 700 945 9546.
737 877 819 925 Ad
841 874 972 923 facies
1003 893 1122 924 meas
1147 874 1337 939 jugiter,
1367 876 1495 939 quod
1519 875 1738 939 significet
1759 875 1817 922 fic
1842 873 2128 940 praesentiam
2136 876 2329 924 Domini
2363 892 2498 926 cum.

483 958 593 1007 pace
616 944 666 990 &
690 958 798 990 cum
822 943 990 1004 gaudio
1014 942 1184 990 coelesti
1207 958 1263 989 ex
1279 941 1603 998 Misericordia,
1639 942 1809 989 constat
1831 957 1889 988 ex
1911 941 2234 1004 significatione
2257 941 2473 991 facierum

485 1008 678 1070 Jehovae
713 1008 784 1056 seu
819 1010 1029 1065 Domini,
1067 1008 1194 1072 quod
1228 1008 1282 1055 fit
1312 1008 1467 1055 omnia
1497 1023 1603 1084 quae
1640 1006 1742 1055 sunt
1775 1007 1939 1054 Divrni
1955 1009 2145 1055 Amoris
2178 1007 2250 1055 seu
2293 1009 2472 1058 Miseri-

483 1075 667 1130 cordiae,
703 1088 755 1121 ut
778 1075 1053 1129 Innocenda,
1088 1076 1199 1130 Pax,
1235 1073 1487 1130 Gaudium,
1521 1075 1582 1121 ita
1614 1073 1762 1136 ipsum
1784 1073 1958 1121 coelum
1992 1073 2115 1136 apud
2154 1073 2255 1121 illos
2286 1076 2372 1137 qui
2403 1092 2472 1123 re·

484 1142 687 1204 cipiunt:
729 1156 808 1203 per
830 1139 961 1187 facies
983 1141 1122 1196 enim,
1163 1155 1270 1186 cum
1310 1140 1367 1186 de
1390 1139 1573 1187 homine
1605 1140 1655 1187 &
1688 1140 1867 1203 angelo,
1903 1138 2208 1202 significantur
2245 1140 2470 1199 interiora,

480 1221 589 1269 quae
613 1206 712 1253 sunt
738 1206 980 1254 voluntatis
1002 1207 1051 1253 ὅτ
1076 1205 1179 1261 inde
1203 1204 1466 1262 ἱηῑεΙΙεᾶυε,
1501 1206 1560 1252 ita
1581 1220 1687 1269 quae
1711 1204 1811 1252 sunt
1834 1206 1997 1253 amoris
2028 1205 2079 1253 &
2103 1205 2219 1252 inde
2237 1205 2360 1263 fidei,
2398 1211 2472 1255 vi·

481 1273 639 1319 deatur
673 1289 738 1319 n:
772 1289 910 1336 1999.
937 1288 1080 1334 2434.
1107 1286 1251 1334 3527.
1278 1286 1421 1335 3573.
1446 1271 1593 1331 4066.
1627 1272 1772 1335 4796.
1813 1275 1958 1335 4798.
1986 1286 2127 1333 5102.
2155 1272 2299 1333 5165.
2326 1275 2468 1335 5168.

483 1343 627 1401 55.85
656 1354 798 1402 5592.
826 1338 968 1397 6604.
1004 1337 1146 1396 6848.
1179 1338 1322 1403 6849.
1364 1337 1520 1400 9306:
1566 1336 1672 1383 inde
1707 1335 1906 1384 constare
1938 1335 2098 1400 potest,
2136 1338 2264 1399 quod
2302 1354 2383 1401 per
2405 1337 2471 1387 fa-

478 1406 586 1460 cies,
626 1419 735 1450 cum
759 1404 815 1450 de
838 1403 1043 1464 Jehovah
1064 1403 1137 1450 seu
1163 1403 1368 1449 Domino
1390 1402 1699 1465 significentur
1728 1402 1805 1450 illa
1826 1417 1932 1465 quae
1955 1401 2057 1450 sunt
2078 1403 2240 1450 Divini
2262 1405 2471 1462 Amoris,

479 1468 552 1516 seu
571 1439 918 1524 'Misericordiam
954 1470 1015 1516 ita
1036 1484 1173 1517 omne
1196 1467 1368 1515 bonum
1393 1467 1588 1525 coeleste,
1629 1484 1690 1515 n:
1717 1484 1828 1518 222.
1855 1485 1964 1532 223.
1991 1472 2136 1532 5585.
2161 1469 2303 1533 9306.

544 1549 690 1599 9547.
725 1534 866 1582 Vers:
889 1553 914 1599 3
927 1552 944 1584 1
981 1535 1037 1582 ad
1063 1552 1140 1598 39.
1185 1535 1249 1582 Et
1266 1534 1406 1596 facies
1427 1503 1730 1582 Candelabrum
1763 1550 1868 1581 auro
1897 1546 2024 1596 puro,
2048 1535 2230 1598 solidum
2250 1534 2334 1593 fiet
2355 1500 2470 1584 Can·-¹
2502 1568 2504 1570 -

461 1597 709 1658 delubrum,
737 1602 896 1664 scapus
918 1602 1022 1665 ejus,
1057 1601 1112 1649 &2²
1134 1599 1320 1647 calamus
1351 1601 1456 1662 ejus,
1479 1600 1629 1664 scyphi
1662 1602 1767 1664 ejus,
1800 1600 2096 1663 malogranata
2124 1601 2228 1664 ejus,
2264 1601 2322 1650 δέ’.
2335 1601 2470 1662 flores

477 1683 583 1729 qus,
617 1683 666 1714 ex
687 1636 757 1714 i'llo
781 1676 918 1714 erunt.
990 1668 1053 1715 Et
1074 1667 1155 1729 sex
1175 1666 1330 1713 calami
1361 1676 1551 1713 exeuntes
1588 1682 1638 1713 ex
1662 1666 1871 1714 lateribus
1904 1667 2021 1729 ejus·
2012 1702 2026 1722 ,
2065 1676 2151 1714 tres
2180 1666 2334 1715 calami
2355 1667 2467 1715 Can-

476 1732 638 1780 delabri
671 1749 719 1781 ex
742 1733 874 1780 latere
904 1733 992 1796 ejus
1014 1733 1111 1788 una,
1157 1731 1213 1780 &
1247 1742 1334 1779 tres
1368 1732 1521 1779 calami
1543 1732 1794 1780 Candelabri
1823 1748 1873 1779 ex
1892 1731 2026 1779 latere
2045 1733 2135 1795 ejus
2165 1733 2312 1786 altero.
2365 1739 2468 1781 Tres

463 1799 614 1861 scyphi
645 1797 904 1861 amygdalati
935 1801 980 1845 in
1007 1798 1166 1846 calamo
1205 1801 1304 1855 uno,
1339 1797 1679 1860 malogranatum
1713 1797 1769 1846 69²
1790 1798 1911 1858 flos;
1952 1797 2007 1846 ὅς’
2041 1808 2129 1846 tres
2145 1799 2297 1860 scyphi
2324 1815 2467 1862 amyg-

473 1865 616 1911 dalati
643 1866 689 1911 in
712 1865 868 1912 calamo
891 1880 1008 1920 uno3
1045 1866 1112 1911 ita
1130 1864 1210 1927 sex
1241 1864 1415 1912 calamis
1449 1864 1692 1924 exeuntibus
1723 1879 1773 1912 ex
1795 1863 2069 1912 candelabro.
2109 1905 2111 1907 .
2138 1865 2202 1911 Et
2238 1867 2284 1911 in
2305 1865 2467 1914 Cande-

471 1929 590 1976 labro
624 1940 805 1994 quatuor
816 1930 965 1992 scyphi
994 1930 1271 1992 amygdalati,
1306 1929 1602 1993 malogranata
1625 1931 1714 1993 ejus
1741 1929 1797 1978 δέ
1822 1930 1955 1990 flores
1987 1931 2088 1993 ejus.
2136 1931 2218 1978 JEt
2253 1930 2470 1992 malogra-

470 2006 618 2042 natum
643 1997 726 2058 sub
748 1996 905 2044 duobus
926 1996 1099 2044 calamis
1125 2012 1176 2044 ex
1196 2013 1258 2053 eo,
1297 1997 1353 2045 &
1374 1996 1710 2059 malogranatum
1733 1996 1817 2057 sub
1847 1995 2004 2042 duobus
2036 1995 2210 2042 calamis
2241 2011 2291 2042 ex
2311 2012 2373 2052 eo,
2409 1997 2467 2046 &1

470 2060 809 2123 malogranatum
826 2063 910 2125 sub
947 2063 1104 2110 duobus
1140 2062 1314 2109 calamis
1345 2078 1393 2109 ex
1422 2078 1482 2118 eo,
1508 2063 1588 2125 sex
1621 2061 1795 2108 calamis
1830 2060 2075 2108 exeuntibus
2106 2077 2156 2108 ex
2189 2061 2466 2109 Candelabro.

470 2127 785 2190 Malogranata
823 2145 961 2179 eorum
997 2129 1053 2178 ἑά
1089 2128 1242 2175 calami
1275 2144 1413 2175 eorum
1439 2144 1489 2174 ex
1522 2144 1566 2175 eo
1597 2137 1722 2174 erunt
1761 2130 1899 2177 omnia
1934 2142 2089 2182 eorum,
2118 2127 2301 2189 solidum
2337 2142 2467 2176 unum

469 2209 573 2239 auro
605 2205 730 2254 puro.
800 2196 862 2242 Et
885 2194 1026 2255 facies
1059 2193 1248 2241 lucernas
1278 2195 1367 2255 ejus
1390 2194 1582 2256 septem,
1629 2193 1684 2241 &
1719 2185 1932 2266 ascendere
1950 2192 2100 2253 faciat
2131 2191 2320 2239 lucernas
2358 2194 2462 2255 ejus,

469 2258 524 2307 δεῖ
546 2258 748 2305 illuminet
773 2275 794 2306 e
804 2263 978 2335 regione
999 2259 1212 2319 facierum
1245 2261 1346 2321 εγω
1416 2260 1481 2305 Et
1495 2258 1685 2318 forcipes
1717 2260 1805 2320 ejus
1837 2257 1892 2306 &
1915 2257 2070 2304 trullas
2091 2258 2180 2321 ejus
2200 2273 2305 2304 auro
2331 2270 2465 2319 puro

469 2321 690 2371 Talentum
713 2327 812 2371 auri
825 2337 929 2386 purt
924 2324 1082 2386 faciet
1104 2324 1212 2371 illud
1231 2340 1321 2371 cum
1345 2323 1530 2371 omnibus
1553 2323 1666 2382 vass
1687 2322 1785 2370 illis.
1857 2323 1920 2371 Et
1952 2321 2086 2370 facies
2107 2323 2459 2380 Candelabrum,

467 2389 687 2451 fignificat
726 2391 901 2438 coelum
941 2389 1194 2453 spirituale:
1248 2406 1357 2436 auro
1393 2405 1526 2453 puro,
1574 2389 1798 2452 fignificat
1836 2388 1964 2452 quod
2001 2404 2059 2436 ex
2097 2389 2220 2437 bono
2258 2389 2465 2438 coelesti.

463 2455 659 2503 solidum
698 2456 776 2503 fiet
814 2456 1148 2513 candelabrum,
1184 2455 1403 2518 fignificat
1436 2455 1563 2519 quod
1602 2471 1740 2503 omne
1771 2470 1828 2502 ex
1851 2454 2004 2503 bono:
2055 2453 2214 2519 scapus
2249 2452 2362 2517 ejus,
2394 2457 2464 2504 δε

463 2522 660 2568 calamus
683 2524 794 2585 ejus,
836 2521 989 2585 scyphi
1011 2520 1122 2586 ejus,
1158 2521 1380 2585 fignificat
1402 2520 1642 2594 spiritualia
1675 2522 1722 2568 in
1743 2521 1972 2570 naturali:
2017 2521 2330 2597 malogranata
2346 2519 2465 2586 ejus,¹

463 2586 705 2649 fignificat
719 2587 955 2635 scientifica
994 2587 1128 2636 boni:
1174 2589 1224 2635 ὅτ
1264 2589 1393 2635 flores
1431 2596 1542 2650 ejus,
1578 2587 1801 2650 fignificat
1833 2586 2074 2635 scientifica
2112 2588 2238 2635 veri.
2286 2604 2342 2635 ex
2381 2589 2464 2637 illo

461 2665 609 2708 erunt,
645 2653 865 2716 fignificat
887 2654 1014 2717 quod
1037 2670 1092 2700 ex
1116 2652 1297 2716 spiritua
1301 2654 1330 2700 li
1362 2654 1489 2716 quod
1527 2669 1583 2700 ex
1607 2653 1729 2700 bono
1761 2652 1968 2711 coelesti:
1999 2653 2052 2700 ὅτ
2073 2651 2146 2700 sex
2180 2653 2344 2701 calami
2376 2671 2465 2702 ex-

462 2730 617 2765 euntes
656 2735 712 2766 ex
750 2719 958 2766 lateribus
997 2718 1107 2783 ejus,
1144 2719 1364 2783 fignificat
1395 2721 1547 2766 omnia
1581 2721 1680 2766 veri
1715 2718 1929 2766 exbono
1962 2719 2021 2770 in.
2048 2719 2324 2782 complexu:
2371 2733 2465 2769 tres

458 2784 618 2830 calami
642 2785 892 2832 candelabri
914 2802 969 2833 ex
994 2786 1123 2833 latere
1144 2784 1238 2848 ejus
1265 2802 1374 2843 uno,
1411 2788 1460 2833 &
1483 2798 1570 2832 tres
1604 2785 1764 2832 calami
1801 2785 2058 2832 candelabri
2097 2801 2155 2832 ex
2195 2785 2327 2833 latere
2362 2785 2468 2851 ejus·

457 2851 612 2906 altero,
650 2851 868 2914 fignificat
907 2852 1094 2915 plenum
1123 2852 1275 2914 quoad
1299 2852 1474 2899 bonurn
1499 2854 1548 2901 &
1573 2867 1763 2899 verum:
1815 2862 1903 2898 tres
1938 2850 2125 2914 schyphi
2159 2851 2467 2915 amygdalatiu
2507 2893 2510 2895 μ

455 2916 683 2978 fignificat
709 2917 896 2980 plenum
928 2919 1076 2980 quoad
1109 2918 1347 2966 scientifica
1381 2934 1437 2964 ex
1464 2918 1613 2965 bono:
1662 2919 1709 2964 in
1742 2916 1918 2964 calamo
1952 2933 2075 2974 uno,
2114 2917 2335 2980 fignificat
2371 2933 2466 2982 po·

453 2983 641 3029 tentiam
667 2985 759 3030 veri
795 2998 850 3029 ex
874 2983 1020 3032 bono:
1072 2984 1431 3047 malogranatum
1468 2986 1516 3030 &
1540 2985 1641 3040 flos,
1677 2982 1898 3046 fignificat
1931 2982 2227 3032 scientificum
2260 2983 2367 3030 boni
2392 2985 2459 3032 δε

452 3046 747 3095 scientificum
785 3050 909 3097 veri:
956 3050 1004 3096 &
1037 3063 1124 3097 tres
1148 3049 1302 3113 scyphi
1339 3049 1615 3112 amygdalati
1650 3050 1696 3095 in
1735 3049 1908 3096 calamo
1945 3066 2055 3106 uno,
2097 3040 2458 3111 malogranatum

448 3114 498 3159 &
520 3114 617 3170 flos,
656 3114 877 3179 fignificat
899 3115 1082 3164 similia:
1129 3118 1191 3162 ita
1219 3116 1292 3163 sex
1315 3115 1502 3163 calamis
1535 3114 1804 3162 exeuntibus
1834 3131 1891 3160 ex
1916 3115 2198 3171 candelabro,
2234 3113 2455 3177 fignificat

443 3181 700 3241 potentiam
735 3183 832 3231 veri
863 3197 921 3230 ex
944 3182 1064 3232 bono
1086 3182 1239 3247 quoad
1276 3182 1433 3232 omnia
1463 3182 1511 3229 in
1542 3183 1669 3231 coelo
1705 3175 1956 3244 spirituali:
1999 3181 2050 3231 &
2084 3182 2131 3230 in
2153 3149 2459 3294 (iaqddalgm,

2254 3262 2350 3310 1gn1
2384 3259 2460 3295 car.
