2840 3718
470 201 1983 321 ‚490‹1EX0DUS.'

480 360 727 420 Dominus,
769 377 875 409 cum
902 361 946 407 in
973 359 1148 406 mundo
1173 356 1259 406 fuit
1293 359 1342 406 δε
1367 358 1594 423 pugnavit
1615 374 1723 406 cum
1749 357 1949 415 infernis,
1987 369 2098 406 tunc
2120 359 2279 421 quoad.
2299 359 2483 421 Huma-

484 446 595 477 num
632 430 761 476 suum
800 426 886 473 fuit
920 427 1146 473 Divinum
1173 426 1367 482 Verum,
1403 441 1452 472 ac
1480 441 1587 472 cum
1627 426 1776 473 univit
1801 426 2078 479 Humanum
2121 426 2249 474 suum
2292 426 2378 488 Ipsi
2408 428 2493 475 Di·

473 500 610 552 vino,
655 508 765 541 tunc
806 492 946 539 fabius
986 491 1048 538 est
1076 494 1218 540 etiam
1254 491 1405 556 quoad
1431 493 1709 540 Humanum
1753 492 1882 539 suum
1915 493 2145 539 Divinum
2171 494 2370 549 Bonum,
2416 493 2490 541 seu

486 562 705 625 Jehovah.
777 559 922 618 Quod
947 559 1019 606 sex
1043 559 1155 615 dies,
1196 561 1275 622 qui
1316 559 1582 622 praecedunt
1606 558 1884 615 sabbathum,
1929 559 2014 606 fint
2039 575 2210 622 pugnae
2232 575 2338 623 quae
2373 574 2494 623 prae·

487 629 654 675 cedunt
676 627 726 674 ὅτ
751 639 1000 690 praeparant
1025 627 1078 672 ad
1105 624 1390 690 Conjugium
1414 626 1611 682 coeleste,
1653 626 1778 689 quod
1803 626 1864 672 est
1889 624 2150 687 conjunffio
2174 625 2282 673 boni
2306 627 2355 673 &
2379 628 2490 684 veri,

486 695 691 741 videatur
726 710 753 740 n
775 711 785 740 t
808 698 949 755 8510.
980 695 1120 742 8888.
1150 694 1271 757 943¹
1296 711 1313 744 ·.
1347 693 1404 740 de
1428 694 1565 756 priori
1589 692 1719 749 statu,
1757 692 1940 756 quando
1963 693 2105 740 homo
2127 693 2175 740 in
2199 693 2314 740 veris
2337 692 2416 750 est,
2440 694 2492 740 δε

487 774 595 807 tunc
628 761 671 806 in
698 761 862 823 pugnis
886 771 1043 806 contra
1079 760 1193 806 mala
1224 760 1274 806 ὅτ
1307 757 1408 805 falsa
1434 759 1559 815 mali,
1599 757 1837 821 quiffstatus
1874 759 2149 821 significatur
2182 775 2266 823 ,per
2305 758 2377 806 sex
2401 759 2496 806 dies

487 827 675 884 labores,
712 828 759 873 δε
784 827 838 873 de
870 825 1102 889 posteriori
1128 826 1260 881 stam,
1285 825 1469 883 quando
1492 826 1539 872 in
1562 825 1685 872 bono
1707 825 1787 881 est,
1827 826 1877 872 ὅτ.
1903 826 2086 873 ducitur
2108 841 2132 872 a
2151 826 2377 881 Domino,
2414 828 2495 889 qui

487 893 764 957 significatur
799 909 879 957 per
923 890 1206 949 sabbathum,
1255 891 1461 939 videatur
1511 908 1579 940 n:
1607 907 1749 956 7923·
1797 903 1939 956 7992.
1978 893 2122 955 8505.
2164 892 2306 955 8506.
2351 896 2494 955 8510.

492 964 633 1022 8512.
664 961 806 1022 8516.
837 963 978 1024 8539.
1010 960 1151 1023 8643.
1182 958 1321 1019 8648.
1351 959 1491 1021 8658.
1523 960 1665 1021 8685.
1697 960 1999 1023 86908701.
2027 963 2496 1023 877291399832.

458 1075 463 1079 ,
488 1043 635 1093 9224.
665 1042 808 1091 9227.
841 1043 988 1090 9230,
1015 1042 1176 1089 9274:
1224 1024 1605 1088 quod-Dominus
1639 1041 1747 1075 cum
1777 1027 1829 1072 in
1857 1025 2033 1072 mundo
2061 1023 2166 1081 fuit,
2202 1024 2357 1072 fecerit
2387 1025 2498 1072 Hu-

492 1109 680 1140 manum
722 1093 853 1141 suum
888 1094 1093 1156 primum
1112 1091 1340 1139 Divinum
1365 1092 1559 1147 Verum,
1595 1092 1645 1139 &
1684 1091 1788 1139 dein
1813 1091 2039 1138 Divinum
2065 1092 2266 1148 Bonum,
2307 1092 2352 1138 in
2386 1090 2497 1139 locis

490 1162 638 1207 citatis
673 1159 995 1224 ”³9199‘fi112
1017 1175 1144 1222 9315
1172 1158 1268 1206 fin:
1303 1158 1368 1205 Et
1391 1159 1515 1221 quod
1542 1158 1628 1204 hoc
1653 1174 1732 1221 per
1756 1173 1932 1221 pugnas
1957 1158 2278 1214 tentationum,
2318 1160 2364 1204 in
2388 1158 2498 1205 locis

492 1228 636 1273 citatis
671 1242 700 1272 n
719 1230 878 1289 :9528
906 1225 970 1272 fin
988 1241 1021 1269 :-
1051 1225 1151 1283 Qui
1206 1225 1356 1287 itaque
1380 1224 1476 1279 scit,
1517 1225 1643 1287 quod
1665 1240 1746 1287 ,per
1764 1223 2051 1276 Sabbathum'
2065 1224 2111 1270 in
2134 1223 2345 1288 supremo
2374 1223 2497 1271 sensu

495 1292 773 1355 intelligatur
812 1291 920 1338 unio
956 1290 1098 1353 Ipsius
1122 1290 1283 1338 Divini
1324 1290 1372 1337 in
1409 1290 1585 1336 Divino
1610 1291 1833 1337 Humano
1872 1289 2082 1347 Domini,
2127 1291 2163 1336 is
2192 1291 2302 1342 >scire
2334 1291 2496 1354 potest,

497 1358 614 1421 quid
655 1357 908 1421 significant
945 1372 1053 1420 quae
1087 1357 1133 1404 in
1156 1356 1311 1404 Verbo
1347 1356 1477 1404 toties
1517 1356 1573 1404 de
1603 1355 1829 1415 Sabbatho
1866 1355 2099 1413 dicuntur,
2140 1356 2201 1404 ita
2232 1372 2340 1422 quae
2379 1358 2501 1420 apud

493 1424 691 1482 Esaiam,
734 1430 766 1452 “
793 1426 837 1471 Si
870 1426 1083 1471 averteris
1117 1423 1374 1538 asabbatho
1397 1422 1547 1486 ¹pedem
1582 1433 1720 1479 tuum,
1757 1424 1813 1472 {9²
1846 1438 1923 1469 non
1944 1423 2094 1486 facias
2127 1423 2370 1471 voluntates
2397 1434 2503 1471 tuas

492 1494 538 1538 in
559 1491 627 1538 die
651 1492 905 1554 sanHitatis
926 1506 1057 1544 ἥκεις
1087 1490 1145 1553 fh
1191 1491 1423 1536 *vocaveris
1447 1489 1711 1553 sabbathum
1736 1489 1908 1537 delttias
1939 1491 2090 1536 SanHo
2114 1489 2297 1551 Jehovae
2321 1490 2503 1537 honora-

494 1557 611 1614 biles,
647 1567 773 1622 atque
807 1556 1084 1604 honoraveris
1107 1556 1230 1614 illud,
1271 1565 1320 1603 ut
1355 1572 1436 1603 non
1457 1555 1608 1618 facias
1629 1558 1730 1603 vias
1762 1566 1877 1611 tuas,
1923 1571 1995 1602 nec
2031 1557 2227 1604 invenias
2260 1555 2502 1615 defiderz'um

496 1634 632 1682 tuum,
667 1634 746 1670 aut
783 1623 970 1688 loquaris
1003 1623 1209 1679 verbum,
1233 1632 1334 1669 tunc
1365 1622 1625 1670 deliciaberis
1649 1625 1782 1684 super
1804 1622 2028 1685 Jehovah,
2072 1622 2129 1670 ἐξ
2165 1622 2342 1670 eveham
2373 1633 2416 1670 te
2455 1626 2502 1671 in

494 1690 827 1753 excelsa,=terrae,
885 1689 941 1737 δέ
980 1688 1128 1736 cibabo
1165 1698 1208 1736 te
1245 1688 1495 1737 haereditate
1534 1689 1690 1750 Jacobi
1727 1690 1876 1749 patris
1920 1688 2035 1744 tui,''
2101 1703 2263 1736 Lv111:
2299 1705 2371 1752 13.
2405 1706 2497 1750 143

495 1757 577 1820 qui
601 1755 773 1803 sensum
799 1757 1026 1802 internum
1049 1754 1191 1803 Verbi
1225 1751 1372 1812 novit,
1411 1753 1639 1808 manifeste
1663 1755 1816 1801 videre
1838 1752 2001 1817 potest,
2036 1754 2162 1817 quod
2199 1754 2260 1815 ibi
2294 1771 2373 1818 per
2407 1756 2501 1803 sab-

497 1822 684 1870 bathum
710 1821 983 1885 fignificetur
1012 1819 1148 1869 status
1183 1819 1512 1885 conjunffionis
1539 1821 1734 1869 hominis
1757 1837 1865 1868 cum
1889 1821 2113 1878 Domino,
2149 1821 2211 1869 ita
2233 1821 2370 1870 status
2395 1837 2504 1870 cum

498 1889 683 1936 ducitur
716 1889 858 1936 homo
889 1904 913 1934 a
935 1889 1160 1945 Domino,
1194 1889 1245 1935 &
1268 1904 1360 1935 non
1393 1903 1418 1934 a
1441 1886 1595 1943 semet,
1636 1888 1715 1951 qui
1741 1886 1876 1934 status
1900 1886 2170 1950 est-quando
2198 1888 2245 1948 in
2270 1887 2392 1936 bono
2411 1889 2502 1937 est:

499 1955 607 2002 duci
641 1956 763 2002 enim
799 1971 823 2001 a
844 1955 1052 2002 Domino
1088 1954 1137 2002 δε
1178 1970 1271 2001 non
1295 1970 1320 2001 a
1358 1954 1511 2010 semet,
1550 1953 1612 2001 est
1645 1966 1842 2002 avertere
1875 1970 1900 2000 a
1938 1953 2149 2002 sabbatho
2187 1954 2372 2019 pedem,
2413 1971 2507 2002 non

500 2020 641 2069 facere
663 2022 919 2081 voluntates
945 2020 1056 2078 suas,
1097 2037 1189 2068 non
1214 2019 1354 2069 facere
1377 2022 1471 2068 vias
1495 2019 1608 2083 suaS,
1633 2036 1726 2068 non
1748 2021 1951 2082 invenire
1983 2020 2255 2068 desiderium
2281 2021 2429 2078 suum,
2448 2022 2506 2071 ,δε

501 2104 593 2136 non
627 2087 754 2151 loqui
791 2087 1015 2135 verbum:
1063 2087 1189 2150 quod
1230 2100 1340 2134 tunc
1379 2087 1426 2133 in
1461 2086 1541 2135 illo
1565 2087 1763 2135 Ecclefia
1796 2087 1866 2144 fit,
1908 2087 1958 2134 δε
1983 2085 2194 2144 Coelum,
2230 2086 2507 2152 fignificatur

500 2171 582 2219 per
603 2155 733 2218 quod
756 2154 970 2201 evehetur
1004 2154 1050 2200 in
1073 2153 1242 2201 excelsa
1264 2166 1411 2210 terrae,
1451 2155 1500 2201 &
1526 2153 1749 2202 cibabitur
1781 2154 2042 2216 haereditate
2065 2153 2257 2215 Jacobi:
2305 2156 2356 2202 &
2377 2155 2506 2219 quod.

499 2221 763 2268 sabbathum
800 2220 854 2267 fit
876 2220 1104 2267 Divinum
1130 2221 1406 2267 Humanum
1446 2221 1493 2266 in
1531 2236 1626 2283 quo
1660 2221 1786 2276 unio,
1822 2220 2214 2282 significaturper
2248 2221 2375 2282 quod
2413 2219 2508 2267 sab·

505 2287 695 2334 bathum
719 2287 894 2333 dicatur
916 2286 1011 2332 dies
1034 2285 1289 2341 sanCtitatis,
1314 2301 1364 2332 ac
1387 2285 1554 2332 delitiae
1578 2286 1741 2332 Sanfto
1764 2286 1970 2346 Jehovae.
2020 2284 2086 2331 Et
2108 2284 2228 2348 apud
2244 2285 2506 2344 jeremiam,

452 2384 454 2386 >
509 2359 542 2380 ‘⁴
568 2355 613 2400 Si
636 2351 911 2416 sanblificetis
942 2351 1049 2399 diem
1074 2351 1300 2414 sabbathi,
1329 2351 1565 2398 intrabunt
1590 2363 1673 2413 per
1690 2361 1842 2412 portas
1863 2351 1982 2397 urbis
2013 2349 2141 2412 hujus
2163 2366 2277 2413 reges
2306 2351 2362 2400 &
2381 2354 2508 2413 prin-

500 2423 632 2482 cipes,
658 2419 847 2482 sedentes
872 2419 1006 2481 super
1043 2417 1195 2465 threno
1226 2418 1438 2471 Davidis,
1472 2419 1706 2481 equitantes
1743 2419 1790 2463 in
1829 2432 1958 2463 curru
1992 2416 2059 2477 ἐξ,
2077 2418 2123 2462 in
2157 2413 2320 2481 equis,”
2363 2433 2508 2467 xvn:

510 2502 587 2547 24.
617 2503 676 2548 25
697 2508 710 2541 ;
750 2486 831 2547 qui
856 2500 946 2531 non
970 2484 1050 2532 scit
1072 2483 1245 2532 sensum
1279 2485 1506 2531 internum
1530 2483 1688 2540 Verbi,
1713 2485 1976 2546 opinaturus
2000 2481 2062 2528 est
2085 2483 2213 2545 quod
2235 2482 2332 2532 haec
2356 2484 2512 2532 secun-

508 2555 622 2600 dum
659 2550 832 2599 sensum
877 2550 1021 2598 literae
1069 2550 1359 2614 intelligenda
1400 2549 1502 2605 sint,
1555 2550 1683 2614 quod
1716 2564 1883 2612 nempe
1927 2548 1962 2596 s1
2011 2547 2380 2598 san‘ffificaverint
2416 2550 2511 2598 sab-

511 2620 698 2669 bathum
734 2618 939 2665 intraturi
979 2617 1064 2665 sint
1101 2632 1229 2680 reges
1261 2617 1312 2664 &
1347 2616 1572 2680 principes
1607 2632 1688 2680 per
1721 2629 1869 2679 portas
1904 2615 2025 2662 urbis
2063 2614 2415 2679 Hierosolymae,
2460 2633 2512 2665 ac

510 2686 751 2747 equitaturi
785 2686 832 2730 in
855 2699 990 2730 curru
1014 2684 1132 2730 &in
1155 2680 1312 2745 equis}
1352 2682 1425 2729 sed
1451 2682 1665 2740 is‚sensus
1705 2698 1796 2729 non
1833 2681 1912 2738 est,
1949 2697 2111 2728 verum
2148 2682 2275 2744 quod
2315 2684 2396 2746 qui
2426 2684 2512 2731 Di-

511 2752 674 2797 vinum
700 2750 979 2796 Humanum
1003 2748 1195 2794 Domini
1242 2748 1382 2795 sandte
1417 2747 1590 2803 colunt,
1636 2750 1682 2795 in
1699 2748 1881 2797 Divinis
1919 2749 2038 2795 veris
2072 2747 2183 2794 coeli
2221 2748 2271 2796 δε
2315 2749 2512 2797 ecclefiae

510 2830 661 2873 erunt,
702 2815 782 2879 per
805 2813 1178 2876 Hierosolymam
1213 2815 1335 2862 enim
1368 2813 1637 2877 intelligitur
1675 2813 1891 2869 Ecclesia,
1925 2828 2005 2876 per
2041 2829 2166 2877 reges
2203 2814 2253 2862 &
2288 2817 2511 2880 principes

417 2927 421 2934 .
510 2884 682 2931 Divina
706 2897 809 2928 vera
846 2878 958 2943 ejus,
999 2896 1080 2943 per
1117 2880 1334 2927 thronum
1371 2881 1562 2928 Davidis
1591 2879 1770 2928 coelum
1806 2881 1885 2927 ubi
1922 2881 2169 2936 Dominus»,
2215 2896 2296 2943 per
2325 2897 2511 2929 currum

513 2950 716 2998 doCtrina
751 2948 859 2995 boni
896 2948 947 2995 δε
970 2948 1081 3003 veri,
1106 2947 1154 2994 &
1179 2962 1261 3010 per
1294 2962 1436 3010 equos
1474 2946 1770 2994 intellffluale
1799 2946 2095 3001 illustratum;
2118 2952 2122 2955 '
2142 2947 2271 3010 quod
2296 2946 2513 2996 Hier-oso·

510 3018 637 3084 lyma
675 3013 741 3062 fit
764 3014 979 3071 Ecclesia,
1019 3010 1224 3060 videatur
1258 3029 1320 3062 n:
1348 3029 1491 3078 2117.
1519 3016 1680 3078 36541
1728 3014 1856 3077 quod
1895 3029 2021 3076 reges
2058 3013 2144 3061 fint
2176 3013 2347 3076 Divina
2381 3008 2508 3069 -k'rera,

515 3079 577 3130 n:
604 3083 739 3146 1672.
768 3097 911 3142 2015.
941 3084 1083 3144 2069.
1124 3094 1266 3144 3009.
1293 3096 1438 3143 4575.
1471 3085 1618 3144 4581.
1652 3081 1796 3146 4966.
1824 3097 1970 3144 5044.
2013 3077 2156 3143 5068.
2178 3079 2336 3136 6148:
2385 3081 2513 3143 quod

513 3150 742 3212 ¹principes
764 3147 855 3197 sint
870 3147 1082 3212 primaria
1102 3161 1224 3202 vera,
1249 3163 1306 3196 n:
1333 3152 1471 3207 1482.
1499 3149 1645 3212 2089.
1671 3163 1832 3211 9954:
1878 3146 2005 3210 quod
2029 3145 2215 3193 thronus
2238 3144 2293 3193 fit
2315 3146 2511 3205 coelum,
2592 3176 2595 3178 >

517 3231 554 3262 n
576 3232 587 3263 :
609 3214 766 3281 53313:
807 3213 936 3279 quod
955 3211 1116 3263 currus
1139 3212 1192 3262 sit
1214 3212 1426 3264 destrina
1459 3213 1566 3265 boni
1594 3215 1650 3264 &
1673 3216 1786 3273 veri,
1827 3229 1858 3262 n
1879 3230 1890 3262 ι
1911 3227 2057 3277 5321,
2086 3214 2254 3276 .8215;
2301 3213 2350 3264 &
2384 3214 2516 3290 quoci

2410 3295 2519 3344 equ!
