2840 3718
503 295 644 382 276
790 364 793 369 ¹
1023 297 1111 359 'E
1194 296 1286 361 ‘X
1368 296 1427 373 O
1523 296 1596 360 D
1691 295 1763 360 U
1848 291 1972 368 3.,

510 424 699 472 Brachia
721 423 970 477 Secundus,
1009 437 1085 484 per
1105 421 1328 469 'Ventrem
1357 420 1404 468 ὅτ
1431 420 1575 468 Latus
1599 420 1801 477 Tertius,
1843 421 1892 467 ὅτ
1915 435 1995 484 per
2018 421 2163 470 Crura
2186 423 2409 482 Quartus»,
2449 441 2501 474 ac

514 505 594 552 per
620 490 760 536 Pedes
795 489 1011 534 ultimus:
1057 488 1163 549 quia
1188 488 1369 533 Primus
1405 486 1539 533 status
1564 486 1778 533 Eccleliae
1811 484 1900 534 fuit
1933 486 2066 534 status
2105 488 2213 536 boni
2254 485 2417 538 amoris
2453 494 2501 539 in

492 557 792 608 *Dominum,
829 554 994 599 dicitur
1015 553 1139 615 quod
1168 555 1318 615 Caput
1341 552 1443 598 effet
1472 568 1528 598 ex
1565 568 1712 607 auro·,
1759 555 1806 599 ὅτ
1842 553 1947 614 quia
1973 554 2206 601 Secundus
2245 554 2380 603 status
2412 554 2502 604 fuit

517 620 650 667 status
675 620 766 665 veri
789 634 845 665 ex
864 618 945 664 illo
969 618 1108 673 bono,
1140 618 1304 664 dicitur
1326 617 1454 680 quod
1477 618 1636 665 Pec'tus
1660 587 1712 665 &⁹
1732 619 1916 666 Brachia
1939 618 2074 666 effent
2095 635 2151 666 ex
2170 622 2412 683 Argento·,
2447 623 2498 669 &

495 687 623 748 :quia
647 687 689 730 Ί
694 687 830 732 ertius
865 683 997 731 status
1031 683 1120 730 fuit
1142 684 1313 730 bonum
1352 685 1515 730 amoris
1549 684 1598 730 ὅτ
1622 681 1716 748 ejtts
1741 698 1899 731 verum
1934 686 1980 731 in
2011 697 2196 732 externo
2218 685 2291 733 seu
2316 688 2502 733 naturali

493 751 718 806 homine,
754 751 918 796 dicitur
939 750 1063 813 quod
1082 750 1250 796 Venter
1275 751 1322 796 ὅτ
1345 749 1489 795 Latus
1510 750 1644 795 effent
1677 765 1733 796 ex
1765 765 1892 804 aere,
1928 750 1977 796 ὅτ
2006 753 2113 814 quia
2137 753 2341 815 Qartus
2365 752 2501 799 status

517 814 604 862 fuit
627 832 785 862 verum
811 816 932 872 fidei,
969 816 1133 862 dicitur
1153 815 1277 878 quod
1303 815 1446 861 Crura
1478 815 1614 862 effent
1647 830 1702 860 ex
1740 813 1895 869 ··,ferro
1932 815 1980 862 &
2009 817 2114 878 quia
2145 818 2333 864 ultimus
2363 817 2500 866 status

515 879 604 928 fuit
617 882 808 938 Verum
834 881 958 943 quod
983 881 1088 927 fidei
1112 893 1315 936 vocatur,
1339 878 1498 942 absque
1523 879 1659 935 bono,
1695 880 1861 926 dicitur
1882 881 2007 955 quod
2027 881 2168 928 Pedes
2189 883 2324 930 effent
2346 884 2500 947 quoad

496 958 689 1009 ,partem
721 963 776 994 ex
800 946 934 1002 ferro,
978 948 1027 993 ὅτ
1048 946 1198 1009 quoad
1236 957 1407 1008 partem
1448 961 1502 992 ex
1534 945 1723 1008 argilla,
1770 947 1819 992 ὅτ
1853 949 1957 1008 quia
1992 946 2090 994 talis
2121 945 2257 994 status
2288 948 2501 996 Ecclefiae

496 1012 706 1060 ultimus
729 1011 832 1068 fuit,
867 1012 1034 1059 dicitur
1065 1011 1174 1075 quod
1201 1029 1250 1059 ex
1274 1012 1409 1058 Petra
1443 1012 1662 1074 excisusz
1618 1010 1666 1068 s
1663 1020 1683 1056 t
1702 1012 1854 1072 Lapis,
1895 1013 1967 1074 qui
1992 1014 2199 1059 contrivit
2233 1013 2287 1062 &³
2316 1013 2486 1077 dtspers
2483 1025 2504 1061 t

516 1081 671 1133 omnia,
707 1079 807 1127 adeo
829 1088 878 1124 ut
907 1077 1121 1132 abstulerit
1145 1094 1194 1124 ea
1215 1086 1381 1133 ventus,
1412 1077 1467 1126 &
1491 1075 1628 1124 nullus
1650 1076 1759 1124 locus
1778 1079 1976 1124 inventus
1995 1078 2058 1135 fit
2080 1078 2216 1134 illis?
2227 1078 2399 1127 ·:Vers
2422 1097 2500 1143 34.

521 1160 600 1206 35,
636 1159 717 1207 per
738 1160 844 1207 quae
867 1143 1158 1206 fignificatur,
1199 1142 1323 1206 quod
1351 1144 1521 1189 bonum
1553 1143 1716 1189 amoris
1750 1144 1795 1189 in
1830 1143 2109 1200 Dominum,
2148 1113 2321 1192 b'onum
2356 1146 2501 1194 chari-

497 1212 618 1257 tatis
641 1225 749 1272 erga
767 1212 1053 1272 proximum,
1091 1211 1137 1255 &
1166 1208 1337 1255 bonum
1373 1208 1480 1255 fidei
1516 1207 1693 1270 prorsus
1726 1206 1944 1282 disparata
1979 1209 2078 1265 fine,
2120 1209 2259 1272 usque
2298 1210 2410 1257 adeo
2446 1223 2500 1268 ut

512 1289 605 1321 non
627 1274 807 1321 sciretur
828 1274 938 1338 quid
963 1273 1080 1330 sunt,
1115 1273 1186 1320 sed
1211 1274 1352 1320 modo
1375 1273 1543 1336 aliquid
1577 1273 1636 1319 de
1656 1274 1778 1320 veris
1795 1273 1902 1320 fidei
1925 1273 2086 1337 absque
2121 1274 2259 1331 bono,
2285 1274 2359 1322 seu
2385 1292 2495 1323 cum

499 1341 638 1388 bono
667 1341 790 1402 quod
817 1356 909 1387 non
933 1339 1104 1386 bonum
1129 1339 1207 1394 est,
1243 1340 1304 1385 ita
1337 1339 1463 1404 quod
1497 1354 1589 1385 non
1613 1339 1811 1385 cohaeret
1843 1353 1950 1385 cum
1974 1340 2104 1387 Veris
2128 1339 2264 1396 fidei;
2304 1341 2390 1388 hoc
2416 1342 2497 1389 bo·

515 1420 628 1453 num
652 1406 718 1452 est
744 1405 916 1453 bonum
945 1417 1181 1452 externum
1212 1404 1375 1468 absque
1411 1406 1602 1460 interno,
1642 1404 1774 1466 quale
1805 1403 1869 1450 est
1905 1404 2078 1452 bonum
2115 1406 2279 1462 meriti,
2322 1406 2496 1454 bonum

512 1483 697 1535 propter
733 1471 773 1518 se
810 1472 859 1519 ὅτ
897 1483 1084 1546 propter
1124 1470 1367 1527 mundum,
1418 1471 1481 1517 ita
1515 1482 1700 1533 propter
1743 1469 1881 1526 lucra,
1933 1470 2168 1529 honorem,
2219 1473 2270 1518 ὅτ
2305 1471 2493 1530 famam,

498 1549 699 1600 propter
744 1537 959 1584 amicitias
1009 1536 1190 1584 illorum
1236 1536 1375 1592 causa,
1426 1547 1502 1583 aut
1548 1548 1734 1598 propter
1776 1532 1994 1592 favorem,
2041 1537 2091 1584 &
2124 1552 2310 1600 quoque
2356 1538 2501 1589 solum

515 1615 702 1666 propter
732 1604 945 1650 timorem
968 1601 1098 1665 legis,
1135 1602 1182 1648 &
1221 1615 1312 1648 non
1350 1614 1534 1665 propter
1570 1602 1741 1647 bonum
1784 1600 2022 1658 charitatis,
2063 1603 2188 1664 quod
2227 1603 2287 1649 est
2324 1603 2499 1654 bonurn

515 1669 731 1724 concivis,
768 1667 941 1715 bonum
981 1666 1196 1714 societatis
1235 1667 1463 1723 humanae,
1512 1666 1683 1713 bonum
1729 1668 1901 1729 patriae,
1948 1668 1996 1713 &
2039 1667 2210 1714 bonum
2250 1669 2498 1725 Ecclefiae;

510 1733 611 1780 talia
634 1733 750 1781 bona
781 1749 887 1797 quae
911 1732 1041 1796 supra
1062 1734 1181 1780 dicta
1214 1731 1315 1779 sunt
1344 1702 1649 1795 significantur
1685 1747 1763 1794 per
1797 1731 1998 1794 argillam
2030 1731 2101 1779 seu
2126 1733 2295 1790 lutum,
2332 1750 2495 1782 verum

512 1815 618 1846 cum
643 1815 740 1876 quo
770 1799 816 1845 id
841 1798 1013 1846 bonum
1050 1814 1139 1846 non
1165 1798 1377 1854 cohaeret,
1413 1797 1478 1844 est
1506 1796 1710 1852 ferrum,
1758 1796 1862 1844 ideo
1885 1798 2066 1854 dicitur,
2107 1800 2358 1857 “Ferrum,
2391 1802 2502 1864 quod

498 1865 655 1923 vidisti
682 1868 859 1911 mixtum
881 1880 971 1912 cum
994 1864 1151 1927 argilla
1183 1864 1282 1920 luti,
1323 1864 1631 1926 commiscebant
1652 1864 1702 1925 fi‘
1730 1874 1810 1924 per
1822 1864 1960 1925 fiemen
1982 1864 2175 1921 hominis,
2209 1866 2288 1927 sed
2317 1882 2398 1912 non
2431 1883 2492 1913 co

511 1931 728 1977 haerebunt
763 1946 889 1977 unum
921 1946 1011 1977 cum
1044 1930 1194 1986 altero,
1225 1929 1563 1993 quemadmodum
1581 1930 1751 1990 ferrum
1775 1944 1855 1974 non
1878 1931 2156 2005 commiscetur
2177 1946 2267 1978 cum
2290 1931 2473 1993 argilla,
2467 1934 2498 1953 '’

511 1995 653 2051 Vers:
671 2012 770 2059 43,
813 1996 960 2042 semen
984 1996 1177 2042 hominis
1212 1995 1274 2041 est
1297 2010 1455 2042 verum
1480 1994 1586 2041 fidei
1619 2010 1674 2040 ex
1696 1996 1916 2069 proprio,
1937 1996 1996 2041 ita
2019 2011 2198 2042 verum
2213 1994 2494 2044 falsificatum

510 2063 557 2108 &
583 2062 880 2108 adulteratum
914 2068 992 2124 per
1017 2061 1363 2124 applicationem
1396 2060 1454 2107 ad
1490 2060 1607 2107 mala
1638 2075 1696 2106 ex
1733 2061 1970 2121 intuitione
2004 2059 2067 2123 sui
2098 2053 2152 2122 ὅτ
2184 2053 2381 2110 mundi:
2423 2079 2495 2113 ex

501 2128 576 2174 his
601 2139 736 2190 patet,
772 2127 896 2190 quod
937 2141 1017 2190 per
1041 2126 1244 2173 membra
1268 2126 1392 2172 homi
1394 2127 1463 2175 nis
1496 2143 1521 2174 a
1545 2127 1702 2189 Capite
1733 2123 1843 2191 ejus
1862 2110 2024 2190 usque
2034 2126 2093 2172 ad
2122 2118 2342 2190 plantam
2368 2129 2495 2190 pedis

508 2193 816 2256 significentur
839 2192 940 2238 talia
961 2207 1067 2255 quae
1103 2191 1202 2238 sunt
1228 2190 1454 2239 Ecclefiae.
1525 2191 1670 2256 Qod
1705 2193 1752 2237 in
1777 2207 1938 2253 genere
1959 2182 2132 2254 Caput
2145 2192 2172 2238 fi
2178 2193 2363 2254 gnificet
2394 2193 2494 2240 c&-

508 2259 612 2306 leste
635 2258 827 2313 bonum,
850 2258 975 2319 quod
1001 2257 1063 2303 est
1088 2257 1257 2303 bonum
1285 2259 1448 2304 amoris
1472 2257 1518 2302 in
1538 2258 1828 2310 Dominum·,
1867 2256 2027 2302 Pectus
2051 2256 2274 2318 spirituale
2300 2259 2491 2317 bonum,

507 2324 633 2386 quod
667 2322 729 2368 est
764 2322 934 2368 bonum
970 2322 1190 2368 charitatis
1213 2337 1318 2383 erga
1340 2323 1639 2384 proximum,
1677 2322 1727 2367 ὅτ
1761 2320 1889 2382 quod
1915 2322 2054 2367 Pedes
2078 2322 2271 2368 naturale
2296 2323 2488 2384 bonum,

506 2389 647 2451 quod
658 2388 719 2434 est
745 2389 916 2435 bonum
939 2388 987 2434 &
1012 2403 1172 2434 verum
1198 2387 1320 2443 fidei,
1356 2387 1560 2433 videatur
1596 2402 1656 2432 n:
1678 2401 1820 2449 99¹3
1847 2400 2010 2448 9914,
2045 2387 2170 2450 quod
2204 2389 2338 2434 etiam
2371 2389 2491 2436 fimi-

504 2454 563 2500 lia
586 2469 668 2517 per
706 2469 889 2508 aurum,
917 2466 1171 2515 argentum,
1209 2468 1270 2498 aes
1309 2454 1357 2498 ὅτ
1395 2451 1582 2508 ferrum,
1624 2468 1683 2497 n:
1706 2451 1865 2513 5658:
1919 2451 2032 2513 quid
2071 2465 2223 2499 autem
2262 2455 2308 2500 in
2348 2454 2490 2516 specie
2535 2476 2543 2481 ·

502 2519 776 2582 significatur
798 2534 876 2582 per
899 2519 1049 2580 Caput
1083 2519 1367 2565 videaturn·
1388 2519 1531 2581 4938.
1558 2533 1712 2627 4939ἐζ
1731 2519 1871 2580 5328.
1899 2531 2039 2579 9913.
2067 2535 2229 2582 9914:
2266 2519 2377 2582 quid
2405 2536 2485 2583 per

504 2600 684 2636 aurum,
720 2601 781 2632 n:
808 2600 910 2646 113.
943 2601 1080 2646 155¹·
1113 2600 1250 2646 ¹552·
1279 2584 1420 2646 5658.
1446 2599 1590 2645 9510.
1620 2583 1779 2644 9881:
1825 2583 1936 2645 quid
1961 2597 2039 2647 per
2063 2583 2321 2645 pectus-‚m
2339 2591 2487 2649 4938.

505 2668 636 2714 4939
680 2655 820 2710 5328·
848 2650 989 2711 6436
1028 2666 1168 2713 99¹3
1209 2665 1365 2711 9914·
1413 2649 1525 2712 quid
1560 2664 1643 2711 per
1676 2661 1930 2710 argentum
1981 2665 2133 2709 1551
2155 2649 2300 2711 5658·
2346 2651 2488 2714 6914-

509 2717 570 2775 69
585 2735 592 2760 x
608 2733 667 2778 7:
708 2715 811 2770 inde
832 2727 969 2776 patet,
1004 2716 1115 2776 quid
1141 2714 1411 2775 significatur
1434 2729 1513 2776 per
1530 2714 1745 2760 Ventrem
1778 2714 1827 2760 &
1851 2729 1931 2776 per
1954 2713 2085 2768 latus,
2120 2729 2227 2776 quae
2249 2714 2349 2762 sunt
2373 2716 2486 2764 infra

505 2781 690 2844 pectus:
723 2780 850 2842 quid
879 2792 1030 2826 autem
1065 2795 1145 2841 per
1177 2794 1257 2832 aeS,
1294 2795 1353 2825 n:
1375 2793 1491 2840 425.
1525 2795 1681 2840 1551:
1721 2778 1835 2841 quid
1870 2794 1948 2841 per
1981 2779 2134 2841 pedeS,
2174 2786 2313 2841 2162.
2342 2798 2482 2846 3147,

507 2856 649 2910 3701.
676 2849 802 2907 4938
829 2845 885 2890 ad
909 2861 1067 2906 4952:
1109 2843 1218 2906 quid
1243 2859 1321 2904 per
1345 2841 1530 2899 ferrum,
1567 2860 1627 2891 n:
1647 2860 1763 2905 425
1785 2846 1912 2903 426:
1949 2845 1996 2891 ὅτ
2028 2844 2140 2907 quid
2176 2861 2258 2911 per
2279 2848 2480 2909 argiilam

504 2913 577 2959 seu
602 2911 774 2966 lutum,
804 2910 1196 2971 n21300.66o9.
1263 2910 1341 2955 Ex
1366 2910 1433 2956 his
1468 2925 1588 2955 nunc
1612 2910 1707 2956 sciri
1733 2909 1892 2972 potest,
1933 2910 2059 2985 quod
2083 2926 2161 2972 per
2185 2912 2393 2962 membra
2407 2911 2480 2970 seu

498 2977 672 3023 viscera
705 2963 898 3022 hominis
939 2975 1266 3037 significentur
1281 2975 1396 3032 talia,
1439 2990 1544 3037 quae
1577 2976 1640 3022 eis
1670 2974 2054 3037 correspondent
2043 2992 2089 3022 in
2129 2966 2339 3024 Maximo
2373 2968 2484 3025 Ho-

509 3044 646 3098 mine,
683 3041 755 3088 seu
791 3043 834 3086 in
859 3041 1012 3097 Coelo,
1047 3055 1152 3106 quae
1174 3041 1326 3086 omnia
1360 3041 1400 3086 se
1422 3039 1616 3087 referunt
1648 3041 1701 3086 ad
1729 3040 1901 3087 bonum
1936 3042 2100 3087 amoris
2138 3042 2186 3086 ὅτ
2225 3041 2278 3087 ad
2319 3057 2480 3090 verum

505 3107 632 3162 fidei,
672 3106 722 3152 ὅτ
758 3121 863 3167 quae
902 3105 1254 3181 correspondent
1282 3105 1366 3159 his,
1418 3107 1552 3152 etiam
1601 3105 1945 3175 correspondent
1987 3100 2140 3154 iisdem
2184 3106 2230 3151 in
2269 3105 2483 3164 Ecclesia,

507 3188 610 3219 nam
636 3171 823 3218 Coelum
850 3172 1040 3217 Lomini
1074 3172 1118 3217 in
1155 3172 1281 3219 terris
1311 3172 1373 3218 est
1414 3170 1622 3217 Ecclefia.
1692 3171 1837 3234 Qod
1877 3169 2279 3233 Correspondentia
2315 3171 2369 3218 fit
2404 3172 2484 3220 ho-

512 3238 646 3284 minis
669 3237 716 3285 &
741 3237 950 3296 omnium
975 3237 1095 3300 apud
1119 3232 1351 3284 hominem
1385 3251 1492 3295 cum
1517 3236 1730 3293 Maximo
1755 3237 1977 3292 Homine,
2010 3236 2135 3299 quod
2176 3233 2240 3284 est
2275 3236 2482 3296 Coelum,

2241 3302 2480 3357 videantur
2524 3346 2526 3348 .
