<?xml version="1.0" encoding="UTF-8"?>
<!DOCTYPE html PUBLIC "-//W3C//DTD XHTML 1.0 Transitional//EN"
    "http://www.w3.org/TR/xhtml1/DTD/xhtml1-transitional.dtd">
<html xmlns="http://www.w3.org/1999/xhtml" xml:lang="en" lang="en">
 <head>
  <title>
</title>
<meta http-equiv="Content-Type" content="text/html;charset=utf-8" />
  <meta name='ocr-system' content='tesseract 3.04.00' />
  <meta name='ocr-capabilities' content='ocr_page ocr_carea ocr_par ocr_line ocrx_word'/>
</head>
<body>
  <div class='ocr_page' id='page_1' title='image "arcanacaelestiaq08sweduoft_0249.png"; bbox 0 0 2840 3718; ppageno 0'>
   <div class='ocr_carea' id='block_1_1' title="bbox 0 2240 73 3718">
    <p class='ocr_par' dir='ltr' id='par_1_1' title="bbox 0 2240 73 3718">
     <span class='ocr_line' id='line_1_1' title="bbox 0 2240 73 3718; baseline 0 0"><span class='ocrx_word' id='word_1_1' title='bbox 0 2240 73 3718; x_wconf 95' lang='lat' dir='ltr'><em> </em></span> 
     </span>
    </p>
   </div>
   <div class='ocr_carea' id='block_1_2' title="bbox 387 239 2392 449">
    <p class='ocr_par' dir='ltr' id='par_1_2' title="bbox 387 239 2392 449">
     <span class='ocr_line' id='line_1_2' title="bbox 569 239 2386 325; baseline -0.006 -12"><span class='ocrx_word' id='word_1_2' title='bbox 569 247 917 313; x_wconf 80' lang='lat' dir='ltr'><strong>CAPUT</strong></span> <span class='ocrx_word' id='word_1_3' title='bbox 964 245 1537 324; x_wconf 72' lang='lat' dir='ltr'><strong>VIGEslMUM</strong></span> <span class='ocrx_word' id='word_1_4' title='bbox 1586 239 2106 311; x_wconf 69' lang='lat' dir='ltr'><strong>OCTAVUM.</strong></span> <span class='ocrx_word' id='word_1_5' title='bbox 2258 260 2386 325; x_wconf 79' lang='lat'><em>245</em></span> 
     </span>
     <span class='ocr_line' id='line_1_3' title="bbox 387 369 2392 449; baseline -0.002 -18"><span class='ocrx_word' id='word_1_6' title='bbox 387 387 476 431; x_wconf 76' lang='lat' dir='ltr'><em>tur</em></span> <span class='ocrx_word' id='word_1_7' title='bbox 512 393 584 430; x_wconf 83' lang='lat' dir='ltr'><em>n.-</em></span> <span class='ocrx_word' id='word_1_8' title='bbox 611 376 754 447; x_wconf 78' lang='lat'>5846</span> <span class='ocrx_word' id='word_1_9' title='bbox 799 375 869 430; x_wconf 74' lang='lat' dir='ltr'><em>ad</em></span> <span class='ocrx_word' id='word_1_10' title='bbox 910 375 1068 449; x_wconf 78' lang='lat'><strong>5866.</strong></span> <span class='ocrx_word' id='word_1_11' title='bbox 1116 376 1260 446; x_wconf 82' lang='lat'>5976</span> <span class='ocrx_word' id='word_1_12' title='bbox 1300 372 1372 426; x_wconf 78' lang='lat' dir='ltr'><em>ad</em></span> <span class='ocrx_word' id='word_1_13' title='bbox 1408 389 1570 446; x_wconf 82' lang='lat'><strong>5993·</strong></span> <span class='ocrx_word' id='word_1_14' title='bbox 1646 371 1750 442; x_wconf 76' lang='lat' dir='ltr'><em>Vtst</em></span> <span class='ocrx_word' id='word_1_15' title='bbox 1769 372 1893 445; x_wconf 75' lang='lat' dir='ltr'><em>fimt</em></span> <span class='ocrx_word' id='word_1_16' title='bbox 1931 370 2147 441; x_wconf 67' lang='lat' dir='ltr'><em>Spiritus</em></span> <span class='ocrx_word' id='word_1_17' title='bbox 2184 369 2265 424; x_wconf 71' lang='lat'><em>2712·</em></span> <span class='ocrx_word' id='word_1_18' title='bbox 2294 376 2392 428; x_wconf 71' lang='lat' dir='ltr'><em>ad-</em></span> 
     </span>
    </p>
   </div>
   <div class='ocr_carea' id='block_1_3' title="bbox 327 446 2413 3190">
    <p class='ocr_par' dir='ltr' id='par_1_3' title="bbox 383 446 2413 1337">
     <span class='ocr_line' id='line_1_4' title="bbox 384 446 2386 523; baseline -0.005 -18"><span class='ocrx_word' id='word_1_19' title='bbox 384 449 568 505; x_wconf 87' lang='lat' dir='ltr'><em>modum</em></span> <span class='ocrx_word' id='word_1_20' title='bbox 611 451 710 504; x_wconf 88' lang='lat' dir='ltr'><em>alte</em></span> <span class='ocrx_word' id='word_1_21' title='bbox 730 450 893 523; x_wconf 76' lang='lat' dir='ltr'><em>supra</em></span> <span class='ocrx_word' id='word_1_22' title='bbox 930 461 1092 521; x_wconf 87' lang='lat' dir='ltr'><em>caput,</em></span> <span class='ocrx_word' id='word_1_23' title='bbox 1132 452 1190 504; x_wconf 78' lang='lat'><em>&amp;³</em></span> <span class='ocrx_word' id='word_1_24' title='bbox 1229 448 1339 501; x_wconf 86' lang='lat' dir='ltr'><em>inde</em></span> <span class='ocrx_word' id='word_1_25' title='bbox 1377 467 1449 500; x_wconf 89' lang='lat' dir='ltr'><em>me</em></span> <span class='ocrx_word' id='word_1_26' title='bbox 1487 447 1751 500; x_wconf 83' lang='lat' dir='ltr'><em>venientem</em></span> <span class='ocrx_word' id='word_1_27' title='bbox 1780 446 2139 516; x_wconf 84' lang='lat' dir='ltr'><em>perspexerunt.</em></span> <span class='ocrx_word' id='word_1_28' title='bbox 2217 447 2386 506; x_wconf 78' lang='lat' dir='ltr'><em>Scien-</em></span> 
     </span>
     <span class='ocr_line' id='line_1_5' title="bbox 384 518 2383 598; baseline -0.004 -19"><span class='ocrx_word' id='word_1_29' title='bbox 384 524 498 579; x_wconf 86' lang='lat' dir='ltr'><em>dum</em></span> <span class='ocrx_word' id='word_1_30' title='bbox 521 525 598 593; x_wconf 84' lang='lat' dir='ltr'><em>est,</em></span> <span class='ocrx_word' id='word_1_31' title='bbox 635 523 761 598; x_wconf 77' lang='lat' dir='ltr'><em>quod</em></span> <span class='ocrx_word' id='word_1_32' title='bbox 778 524 862 596; x_wconf 89' lang='lat' dir='ltr'><em>qui</em></span> <span class='ocrx_word' id='word_1_33' title='bbox 893 524 947 576; x_wconf 88' lang='lat' dir='ltr'><em>in</em></span> <span class='ocrx_word' id='word_1_34' title='bbox 971 524 1068 576; x_wconf 85' lang='lat' dir='ltr'><em>alto</em></span> <span class='ocrx_word' id='word_1_35' title='bbox 1089 523 1230 594; x_wconf 77' lang='lat' dir='ltr'><em>sunt,</em></span> <span class='ocrx_word' id='word_1_36' title='bbox 1260 523 1530 593; x_wconf 72' lang='lat' dir='ltr'><em>perspicere</em></span> <span class='ocrx_word' id='word_1_37' title='bbox 1545 521 1712 592; x_wconf 84' lang='lat' dir='ltr'><em>poſjint</em></span> <span class='ocrx_word' id='word_1_38' title='bbox 1736 521 1836 572; x_wconf 89' lang='lat' dir='ltr'><em>illos</em></span> <span class='ocrx_word' id='word_1_39' title='bbox 1860 520 1944 591; x_wconf 88' lang='lat' dir='ltr'><em>qui</em></span> <span class='ocrx_word' id='word_1_40' title='bbox 1979 518 2122 583; x_wconf 58' lang='lat' dir='ltr'><em>infin</em></span> <span class='ocrx_word' id='word_1_41' title='bbox 2142 520 2282 591; x_wconf 71' lang='lat' dir='ltr'><em>siant,</em></span> <span class='ocrx_word' id='word_1_42' title='bbox 2324 525 2383 576; x_wconf 75' lang='lat'><em>&amp;³</em></span> 
     </span>
     <span class='ocr_line' id='line_1_6' title="bbox 383 594 2390 672; baseline -0.003 -19"><span class='ocrx_word' id='word_1_43' title='bbox 383 619 471 672; x_wconf 88' lang='lat' dir='ltr'><em>quo</em></span> <span class='ocrx_word' id='word_1_44' title='bbox 510 600 564 653; x_wconf 87' lang='lat' dir='ltr'><em>in</em></span> <span class='ocrx_word' id='word_1_45' title='bbox 589 599 774 660; x_wconf 86' lang='lat' dir='ltr'><em>altiori,</em></span> <span class='ocrx_word' id='word_1_46' title='bbox 814 617 863 651; x_wconf 91' lang='lat' dir='ltr'><em>eo</em></span> <span class='ocrx_word' id='word_1_47' title='bbox 898 597 1080 662; x_wconf 86' lang='lat' dir='ltr'><em>latius;</em></span> <span class='ocrx_word' id='word_1_48' title='bbox 1129 597 1188 650; x_wconf 65' lang='grc' dir='ltr'><em>δέ’</em></span> <span class='ocrx_word' id='word_1_49' title='bbox 1211 595 1334 669; x_wconf 86' lang='lat' dir='ltr'><em>quod</em></span> <span class='ocrx_word' id='word_1_50' title='bbox 1364 614 1454 647; x_wconf 92' lang='lat' dir='ltr'><em>non</em></span> <span class='ocrx_word' id='word_1_51' title='bbox 1489 595 1616 648; x_wconf 90' lang='lat' dir='ltr'><em>modo</em></span> <span class='ocrx_word' id='word_1_52' title='bbox 1642 594 1811 666; x_wconf 84' lang='lat' dir='ltr'><em>poffint</em></span> <span class='ocrx_word' id='word_1_53' title='bbox 1837 594 2108 664; x_wconf 84' lang='lat' dir='ltr'><em>perspicere</em></span> <span class='ocrx_word' id='word_1_54' title='bbox 2146 594 2265 656; x_wconf 84' lang='lat' dir='ltr'><em>illos,</em></span> <span class='ocrx_word' id='word_1_55' title='bbox 2291 597 2390 668; x_wconf 74' lang='lat' dir='ltr'><em>fid</em></span> 
     </span>
     <span class='ocr_line' id='line_1_7' title="bbox 383 668 2386 743; baseline -0.001 -17"><span class='ocrx_word' id='word_1_56' title='bbox 383 674 534 726; x_wconf 89' lang='lat' dir='ltr'><em>etiam</em></span> <span class='ocrx_word' id='word_1_57' title='bbox 571 672 699 743; x_wconf 88' lang='lat' dir='ltr'><em>loqui</em></span> <span class='ocrx_word' id='word_1_58' title='bbox 739 689 845 724; x_wconf 87' lang='lat' dir='ltr'><em>cum</em></span> <span class='ocrx_word' id='word_1_59' title='bbox 883 670 996 724; x_wconf 85' lang='lat' dir='ltr'><em>illis.</em></span> <span class='ocrx_word' id='word_1_60' title='bbox 1074 669 1411 741; x_wconf 73' lang='lat' dir='ltr'><em>Observabant</em></span> <span class='ocrx_word' id='word_1_61' title='bbox 1453 668 1581 733; x_wconf 90' lang='lat' dir='ltr'><em>inde,</em></span> <span class='ocrx_word' id='word_1_62' title='bbox 1620 672 1744 741; x_wconf 85' lang='lat' dir='ltr'><em>quod</em></span> <span class='ocrx_word' id='word_1_63' title='bbox 1775 686 1864 720; x_wconf 88' lang='lat' dir='ltr'><em>non</em></span> <span class='ocrx_word' id='word_1_64' title='bbox 1904 682 1963 720; x_wconf 77' lang='lat' dir='ltr'><em>ex</em></span> <span class='ocrx_word' id='word_1_65' title='bbox 1996 687 2161 721; x_wconf 75' lang='lat' dir='ltr'><em>eorum.</em></span> <span class='ocrx_word' id='word_1_66' title='bbox 2193 668 2386 725; x_wconf 83' lang='lat' dir='ltr'><em>‘Tellure</em></span> 
     </span>
     <span class='ocr_line' id='line_1_8' title="bbox 384 741 2383 820; baseline -0.005 -21"><span class='ocrx_word' id='word_1_67' title='bbox 384 745 531 820; x_wconf 76' lang='lat' dir='ltr'><em>ffm,</em></span> <span class='ocrx_word' id='word_1_68' title='bbox 552 745 651 817; x_wconf 78' lang='lat' dir='ltr'><em>sed</em></span> <span class='ocrx_word' id='word_1_69' title='bbox 679 765 705 798; x_wconf 93' lang='lat' dir='ltr'><em>e</em></span> <span class='ocrx_word' id='word_1_70' title='bbox 739 744 986 817; x_wconf 88' lang='lat' dir='ltr'><em>longinquo</em></span> <span class='ocrx_word' id='word_1_71' title='bbox 1022 744 1249 809; x_wconf 82' lang='lat' dir='ltr'><em>aliunde3</em></span> <span class='ocrx_word' id='word_1_72' title='bbox 1294 754 1584 816; x_wconf 83' lang='lat' dir='ltr'><em>quapropter</em></span> <span class='ocrx_word' id='word_1_73' title='bbox 1607 763 1689 796; x_wconf 82' lang='lat' dir='ltr'><em>-me</em></span> <span class='ocrx_word' id='word_1_74' title='bbox 1726 741 1835 797; x_wconf 87' lang='lat' dir='ltr'><em>inde</em></span> <span class='ocrx_word' id='word_1_75' title='bbox 1863 742 2094 814; x_wconf 83' lang='lat' dir='ltr'><em>alloquuti</em></span> <span class='ocrx_word' id='word_1_76' title='bbox 2114 742 2254 813; x_wconf 64' lang='lat' dir='ltr'><em>fiant,</em></span> <span class='ocrx_word' id='word_1_77' title='bbox 2300 746 2383 799; x_wconf 79' lang='lat' dir='ltr'><em>in-</em></span> 
     </span>
     <span class='ocr_line' id='line_1_9' title="bbox 385 816 2386 892; baseline 0 -19"><span class='ocrx_word' id='word_1_78' title='bbox 385 819 673 891; x_wconf 84' lang='lat' dir='ltr'><em>terrogando</em></span> <span class='ocrx_word' id='word_1_79' title='bbox 696 819 752 874; x_wconf 87' lang='lat' dir='ltr'><em>de</em></span> <span class='ocrx_word' id='word_1_80' title='bbox 769 820 949 883; x_wconf 83' lang='lat' dir='ltr'><em>variis,</em></span> <span class='ocrx_word' id='word_1_81' title='bbox 987 819 1059 872; x_wconf 86' lang='lat' dir='ltr'><em>ad</em></span> <span class='ocrx_word' id='word_1_82' title='bbox 1090 838 1196 892; x_wconf 85' lang='lat' dir='ltr'><em>quae</em></span> <span class='ocrx_word' id='word_1_83' title='bbox 1219 819 1368 872; x_wconf 85' lang='lat' dir='ltr'><em>etiam</em></span> <span class='ocrx_word' id='word_1_84' title='bbox 1401 817 1672 889; x_wconf 72' lang='lat' dir='ltr'><em>respondere</em></span> <span class='ocrx_word' id='word_1_85' title='bbox 1695 816 1862 870; x_wconf 89' lang='lat' dir='ltr'><em>datum</em></span> <span class='ocrx_word' id='word_1_86' title='bbox 1886 816 1947 887; x_wconf 75' lang='lat' dir='ltr'><em>est</em></span> <span class='ocrx_word' id='word_1_87' title='bbox 1965 842 1982 880; x_wconf 79' lang='lat'>3</span> <span class='ocrx_word' id='word_1_88' title='bbox 2028 817 2085 869; x_wconf 81' lang='lat'><em>&amp;</em></span> <span class='ocrx_word' id='word_1_89' title='bbox 2118 817 2250 869; x_wconf 83' lang='lat' dir='ltr'><em>inter</em></span> <span class='ocrx_word' id='word_1_90' title='bbox 2278 820 2386 874; x_wconf 88' lang='lat' dir='ltr'><em>alia</em></span> 
     </span>
     <span class='ocr_line' id='line_1_10' title="bbox 385 889 2390 966; baseline 0 -18"><span class='ocrx_word' id='word_1_91' title='bbox 385 893 656 948; x_wconf 84' lang='lat' dir='ltr'><em>narrabam</em></span> <span class='ocrx_word' id='word_1_92' title='bbox 691 894 789 947; x_wconf 86' lang='lat' dir='ltr'><em>illis</em></span> <span class='ocrx_word' id='word_1_93' title='bbox 826 913 886 947; x_wconf 87' lang='lat' dir='ltr'><em>ex</em></span> <span class='ocrx_word' id='word_1_94' title='bbox 920 913 1017 966; x_wconf 87' lang='lat' dir='ltr'><em>qua</em></span> <span class='ocrx_word' id='word_1_95' title='bbox 1045 894 1232 947; x_wconf 84' lang='lat' dir='ltr'><em>‘Iellure</em></span> <span class='ocrx_word' id='word_1_96' title='bbox 1255 893 1398 965; x_wconf 72' lang='lat' dir='ltr'><em>estem,</em></span> <span class='ocrx_word' id='word_1_97' title='bbox 1437 893 1496 945; x_wconf 66' lang='grc' dir='ltr'><em>ἔθ’</em></span> <span class='ocrx_word' id='word_1_98' title='bbox 1519 892 1674 966; x_wconf 87' lang='lat' dir='ltr'><em>qualis</em></span> <span class='ocrx_word' id='word_1_99' title='bbox 1708 911 1767 945; x_wconf 90' lang='lat' dir='ltr'><em>ea</em></span> <span class='ocrx_word' id='word_1_100' title='bbox 1802 889 1940 962; x_wconf 72' lang='lat' dir='ltr'><em>effet5</em></span> <span class='ocrx_word' id='word_1_101' title='bbox 1978 890 2038 944; x_wconf 62' lang='grc' dir='ltr'><em>ὅς’</em></span> <span class='ocrx_word' id='word_1_102' title='bbox 2064 890 2223 961; x_wconf 91' lang='lat' dir='ltr'><em>postea</em></span> <span class='ocrx_word' id='word_1_103' title='bbox 2257 892 2390 948; x_wconf 85' lang='lat' dir='ltr'><em>dice-</em></span> 
     </span>
     <span class='ocr_line' id='line_1_11' title="bbox 386 963 2388 1037; baseline 0 -15"><span class='ocrx_word' id='word_1_104' title='bbox 386 968 497 1022; x_wconf 90' lang='lat' dir='ltr'><em>bam</em></span> <span class='ocrx_word' id='word_1_105' title='bbox 523 968 580 1021; x_wconf 87' lang='lat' dir='ltr'><em>de</em></span> <span class='ocrx_word' id='word_1_106' title='bbox 604 967 874 1023; x_wconf 84' lang='lat' dir='ltr'><em>Telluribus</em></span> <span class='ocrx_word' id='word_1_107' title='bbox 897 968 953 1020; x_wconf 90' lang='lat' dir='ltr'><em>in</em></span> <span class='ocrx_word' id='word_1_108' title='bbox 975 967 1124 1037; x_wconf 87' lang='lat' dir='ltr'><em>nostro</em></span> <span class='ocrx_word' id='word_1_109' title='bbox 1150 967 1320 1020; x_wconf 88' lang='lat' dir='ltr'><em>mundo</em></span> <span class='ocrx_word' id='word_1_110' title='bbox 1338 966 1501 1037; x_wconf 76' lang='lat' dir='ltr'><em>solari</em></span> <span class='ocrx_word' id='word_1_111' title='bbox 1520 993 1537 1030; x_wconf 88' lang='lat'>;</span> <span class='ocrx_word' id='word_1_112' title='bbox 1584 966 1643 1021; x_wconf 51' lang='grc' dir='ltr'><em>ἐξ</em></span> <span class='ocrx_word' id='word_1_113' title='bbox 1680 976 1795 1019; x_wconf 86' lang='lat' dir='ltr'><em>tunc</em></span> <span class='ocrx_word' id='word_1_114' title='bbox 1831 983 2004 1037; x_wconf 86' lang='lat' dir='ltr'><em>quoque</em></span> <span class='ocrx_word' id='word_1_115' title='bbox 2038 963 2094 1016; x_wconf 89' lang='lat' dir='ltr'><em>de</em></span> <span class='ocrx_word' id='word_1_116' title='bbox 2118 965 2388 1035; x_wconf 83' lang='lat' dir='ltr'><em>Spiritibus</em></span> 
     </span>
     <span class='ocr_line' id='line_1_12' title="bbox 385 1038 2385 1113; baseline 0.001 -18"><span class='ocrx_word' id='word_1_117' title='bbox 385 1042 577 1096; x_wconf 86' lang='lat' dir='ltr'><em>telluris</em></span> <span class='ocrx_word' id='word_1_118' title='bbox 604 1043 689 1111; x_wconf 75' lang='lat' dir='ltr'><em>seu</em></span> <span class='ocrx_word' id='word_1_119' title='bbox 725 1042 937 1113; x_wconf 85' lang='lat' dir='ltr'><em>planetae</em></span> <span class='ocrx_word' id='word_1_120' title='bbox 963 1041 1230 1106; x_wconf 69' lang='lat' dir='ltr'><em>IWercurii,</em></span> <span class='ocrx_word' id='word_1_121' title='bbox 1280 1039 1448 1113; x_wconf 86' lang='lat' dir='ltr'><em>quibus</em></span> <span class='ocrx_word' id='word_1_122' title='bbox 1472 1038 1623 1094; x_wconf 87' lang='lat' dir='ltr'><em>datur</em></span> <span class='ocrx_word' id='word_1_123' title='bbox 1654 1040 1937 1111; x_wconf 86' lang='lat' dir='ltr'><em>pervagari</em></span> <span class='ocrx_word' id='word_1_124' title='bbox 1980 1038 2050 1092; x_wconf 87' lang='lat' dir='ltr'><em>ad</em></span> <span class='ocrx_word' id='word_1_125' title='bbox 2082 1038 2246 1109; x_wconf 87' lang='lat' dir='ltr'><em>plures</em></span> <span class='ocrx_word' id='word_1_126' title='bbox 2272 1040 2327 1094; x_wconf 84' lang='lat' dir='ltr'><em>‘I&#39;</em></span> <span class='ocrx_word' id='word_1_127' title='bbox 2316 1045 2385 1096; x_wconf 89' lang='lat' dir='ltr'><em>el-</em></span> 
     </span>
     <span class='ocr_line' id='line_1_13' title="bbox 387 1111 2389 1187; baseline 0 -17"><span class='ocrx_word' id='word_1_128' title='bbox 387 1117 531 1180; x_wconf 88' lang='lat' dir='ltr'><em>lures‚</em></span> <span class='ocrx_word' id='word_1_129' title='bbox 569 1115 640 1168; x_wconf 89' lang='lat' dir='ltr'><em>ad</em></span> <span class='ocrx_word' id='word_1_130' title='bbox 659 1114 1111 1187; x_wconf 77' lang='lat' dir='ltr'><em>comparandasszbi</em></span> <span class='ocrx_word' id='word_1_131' title='bbox 1133 1116 1415 1187; x_wconf 85' lang='lat' dir='ltr'><em>cognitiones</em></span> <span class='ocrx_word' id='word_1_132' title='bbox 1439 1133 1605 1168; x_wconf 89' lang='lat' dir='ltr'><em>rerum</em></span> <span class='ocrx_word' id='word_1_133' title='bbox 1628 1115 1910 1177; x_wconf 87' lang='lat' dir='ltr'><em>variarum,</em></span> <span class='ocrx_word' id='word_1_134' title='bbox 1956 1111 2123 1185; x_wconf 88' lang='lat' dir='ltr'><em>quibus</em></span> <span class='ocrx_word' id='word_1_135' title='bbox 2148 1112 2389 1171; x_wconf 65' lang='lat' dir='ltr'><em>deleeJan-</em></span> 
     </span>
     <span class='ocr_line' id='line_1_14' title="bbox 386 1186 2390 1262; baseline 0 -19"><span class='ocrx_word' id='word_1_136' title='bbox 386 1202 490 1257; x_wconf 83' lang='lat' dir='ltr'><em>tur,</em></span> <span class='ocrx_word' id='word_1_137' title='bbox 527 1189 584 1243; x_wconf 87' lang='lat' dir='ltr'><em>de</em></span> <span class='ocrx_word' id='word_1_138' title='bbox 607 1189 773 1262; x_wconf 87' lang='lat' dir='ltr'><em>quibus</em></span> <span class='ocrx_word' id='word_1_139' title='bbox 796 1210 862 1243; x_wconf 78' lang='lat' dir='ltr'><em>n.-</em></span> <span class='ocrx_word' id='word_1_140' title='bbox 886 1190 1030 1244; x_wconf 88' lang='lat'>6808</span> <span class='ocrx_word' id='word_1_141' title='bbox 1058 1190 1129 1243; x_wconf 88' lang='lat' dir='ltr'><em>ad</em></span> <span class='ocrx_word' id='word_1_142' title='bbox 1149 1190 1314 1262; x_wconf 88' lang='lat'>6817.</span> <span class='ocrx_word' id='word_1_143' title='bbox 1342 1192 1484 1260; x_wconf 87' lang='lat'>6921</span> <span class='ocrx_word' id='word_1_144' title='bbox 1514 1189 1585 1243; x_wconf 88' lang='lat' dir='ltr'><em>ad</em></span> <span class='ocrx_word' id='word_1_145' title='bbox 1606 1191 1769 1260; x_wconf 87' lang='lat'>6932.</span> <span class='ocrx_word' id='word_1_146' title='bbox 1797 1191 1942 1258; x_wconf 88' lang='lat'>7069</span> <span class='ocrx_word' id='word_1_147' title='bbox 1968 1186 2039 1240; x_wconf 89' lang='lat' dir='ltr'><em>ad</em></span> <span class='ocrx_word' id='word_1_148' title='bbox 2058 1203 2206 1261; x_wconf 88' lang='lat'>7079</span> <span class='ocrx_word' id='word_1_149' title='bbox 2224 1210 2243 1241; x_wconf 88' lang='lat'><em>.·</em></span> <span class='ocrx_word' id='word_1_150' title='bbox 2281 1210 2390 1249; x_wconf 80' lang='lat' dir='ltr'><em>cum</em></span> 
     </span>
     <span class='ocr_line' id='line_1_15' title="bbox 388 1262 2413 1337; baseline 0 -20"><span class='ocrx_word' id='word_1_151' title='bbox 388 1264 446 1318; x_wconf 88' lang='lat' dir='ltr'><em>id</em></span> <span class='ocrx_word' id='word_1_152' title='bbox 465 1263 742 1328; x_wconf 86' lang='lat' dir='ltr'><em>audiebant,</em></span> <span class='ocrx_word' id='word_1_153' title='bbox 783 1263 1003 1318; x_wconf 86' lang='lat' dir='ltr'><em>dicebant</em></span> <span class='ocrx_word' id='word_1_154' title='bbox 1027 1264 1150 1337; x_wconf 88' lang='lat' dir='ltr'><em>quod</em></span> <span class='ocrx_word' id='word_1_155' title='bbox 1168 1264 1315 1318; x_wconf 90' lang='lat' dir='ltr'><em>etiam</em></span> <span class='ocrx_word' id='word_1_156' title='bbox 1339 1265 1442 1318; x_wconf 87' lang='lat' dir='ltr'><em>illos</em></span> <span class='ocrx_word' id='word_1_157' title='bbox 1467 1263 1601 1337; x_wconf 85' lang='lat' dir='ltr'><em>apud</em></span> <span class='ocrx_word' id='word_1_158' title='bbox 1613 1265 1675 1336; x_wconf 79' lang='lat' dir='ltr'><em>st·</em></span> <span class='ocrx_word' id='word_1_159' title='bbox 1698 1262 1940 1317; x_wconf 86' lang='lat' dir='ltr'><em>viderint.</em></span> <span class='ocrx_word' id='word_1_160' title='bbox 2411 1327 2413 1330; x_wconf 89' lang='lat'>.</span> 
     </span>
    </p>

    <p class='ocr_par' dir='ltr' id='par_1_4' title="bbox 384 1333 2393 1618">
     <span class='ocr_line' id='line_1_16' title="bbox 466 1333 2393 1411; baseline 0.001 -19"><span class='ocrx_word' id='word_1_161' title='bbox 466 1340 630 1410; x_wconf 89' lang='lat'>9969.</span> <span class='ocrx_word' id='word_1_162' title='bbox 667 1337 950 1392; x_wconf 87' lang='lat' dir='ltr'><em>Dicebatur</em></span> <span class='ocrx_word' id='word_1_163' title='bbox 965 1339 1094 1393; x_wconf 70' lang='lat' dir='ltr'><em>‘mihi</em></span> <span class='ocrx_word' id='word_1_164' title='bbox 1117 1337 1180 1392; x_wconf 91' lang='lat' dir='ltr'><em>ab</em></span> <span class='ocrx_word' id='word_1_165' title='bbox 1195 1339 1401 1411; x_wconf 84' lang='lat' dir='ltr'><em>Angelis</em></span> <span class='ocrx_word' id='word_1_166' title='bbox 1422 1360 1448 1393; x_wconf 92' lang='lat' dir='ltr'><em>e</em></span> <span class='ocrx_word' id='word_1_167' title='bbox 1471 1338 1627 1409; x_wconf 90' lang='lat' dir='ltr'><em>nostra</em></span> <span class='ocrx_word' id='word_1_168' title='bbox 1656 1337 1858 1400; x_wconf 88' lang='lat' dir='ltr'><em>Tellure,</em></span> <span class='ocrx_word' id='word_1_169' title='bbox 1882 1335 2005 1409; x_wconf 80' lang='lat' dir='ltr'><em>quod</em></span> <span class='ocrx_word' id='word_1_170' title='bbox 2025 1335 2157 1389; x_wconf 85' lang='lat' dir='ltr'><em>illius</em></span> <span class='ocrx_word' id='word_1_171' title='bbox 2181 1333 2393 1394; x_wconf 77' lang='lat' dir='ltr'><em>Telluris</em></span> 
     </span>
     <span class='ocr_line' id='line_1_17' title="bbox 391 1405 2389 1484; baseline 0.001 -18"><span class='ocrx_word' id='word_1_172' title='bbox 391 1414 556 1467; x_wconf 89' lang='lat' dir='ltr'><em>incolae</em></span> <span class='ocrx_word' id='word_1_173' title='bbox 591 1413 650 1467; x_wconf 55' lang='grc' dir='ltr'><em>ἐξ</em></span> <span class='ocrx_word' id='word_1_174' title='bbox 684 1413 886 1480; x_wconf 68' lang='lat' dir='ltr'><em>spiritus</em></span> <span class='ocrx_word' id='word_1_175' title='bbox 909 1413 1156 1483; x_wconf 73' lang='lat' dir='ltr'><em>referrent</em></span> <span class='ocrx_word' id='word_1_176' title='bbox 1178 1413 1233 1467; x_wconf 88' lang='lat' dir='ltr'><em>in</em></span> <span class='ocrx_word' id='word_1_177' title='bbox 1258 1414 1484 1468; x_wconf 86' lang='lat' dir='ltr'><em>Maximo</em></span> <span class='ocrx_word' id='word_1_178' title='bbox 1508 1413 1714 1468; x_wconf 87' lang='lat' dir='ltr'><em>Homine</em></span> <span class='ocrx_word' id='word_1_179' title='bbox 1752 1412 1903 1466; x_wconf 88' lang='lat' dir='ltr'><em>aciem</em></span> <span class='ocrx_word' id='word_1_180' title='bbox 1927 1405 2058 1484; x_wconf 78' lang='lat' dir='ltr'><em>visus</em></span> <span class='ocrx_word' id='word_1_181' title='bbox 2082 1414 2290 1477; x_wconf 84' lang='lat' dir='ltr'><em>externi,</em></span> <span class='ocrx_word' id='word_1_182' title='bbox 2329 1416 2389 1468; x_wconf 56' lang='grc' dir='ltr'>ὃ</span> 
     </span>
     <span class='ocr_line' id='line_1_18' title="bbox 388 1484 2389 1562; baseline 0.001 -22"><span class='ocrx_word' id='word_1_183' title='bbox 388 1486 513 1560; x_wconf 87' lang='lat' dir='ltr'><em>quod</em></span> <span class='ocrx_word' id='word_1_184' title='bbox 530 1486 630 1540; x_wconf 86' lang='lat' dir='ltr'><em>ideo</em></span> <span class='ocrx_word' id='word_1_185' title='bbox 653 1486 708 1540; x_wconf 89' lang='lat' dir='ltr'><em>in</em></span> <span class='ocrx_word' id='word_1_186' title='bbox 732 1487 830 1540; x_wconf 86' lang='lat' dir='ltr'><em>alto</em></span> <span class='ocrx_word' id='word_1_187' title='bbox 847 1484 849 1487; x_wconf 72' lang='grc'><strong>’</strong></span> <span class='ocrx_word' id='word_1_188' title='bbox 865 1498 1134 1560; x_wconf 86' lang='lat' dir='ltr'><em>appareant</em></span> <span class='ocrx_word' id='word_1_189' title='bbox 1147 1514 1168 1553; x_wconf 74' lang='lat'>³</span> <span class='ocrx_word' id='word_1_190' title='bbox 1215 1488 1274 1542; x_wconf 52' lang='grc' dir='ltr'><em>ἐξ</em></span> <span class='ocrx_word' id='word_1_191' title='bbox 1299 1487 1423 1562; x_wconf 87' lang='lat' dir='ltr'><em>quod</em></span> <span class='ocrx_word' id='word_1_192' title='bbox 1454 1490 1603 1543; x_wconf 89' lang='lat' dir='ltr'><em>etiam</em></span> <span class='ocrx_word' id='word_1_193' title='bbox 1618 1488 1725 1559; x_wconf 84' lang='lat' dir='ltr'><em>stnt</em></span> <span class='ocrx_word' id='word_1_194' title='bbox 1765 1486 1872 1540; x_wconf 89' lang='lat' dir='ltr'><em>acie</em></span> <span class='ocrx_word' id='word_1_195' title='bbox 1912 1485 2161 1539; x_wconf 84' lang='lat' dir='ltr'><em>admodum</em></span> <span class='ocrx_word' id='word_1_196' title='bbox 2194 1489 2389 1561; x_wconf 63' lang='lat' dir='ltr'><em>perspi-</em></span> 
     </span>
     <span class='ocr_line' id='line_1_19' title="bbox 384 1580 514 1618; baseline 0.015 -2"><span class='ocrx_word' id='word_1_197' title='bbox 384 1580 514 1618; x_wconf 70' lang='lat' dir='ltr'><em>caci.</em></span> 
     </span>
    </p>

    <p class='ocr_par' dir='ltr' id='par_1_5' title="bbox 327 1635 2397 2228">
     <span class='ocr_line' id='line_1_20' title="bbox 466 1635 2391 1712; baseline 0.001 -22"><span class='ocrx_word' id='word_1_198' title='bbox 466 1654 630 1708; x_wconf 88' lang='lat'>9970.</span> <span class='ocrx_word' id='word_1_199' title='bbox 667 1635 801 1707; x_wconf 78' lang='lat' dir='ltr'><em>Qia</em></span> <span class='ocrx_word' id='word_1_200' title='bbox 824 1635 902 1688; x_wconf 86' lang='lat' dir='ltr'><em>illi</em></span> <span class='ocrx_word' id='word_1_201' title='bbox 927 1635 982 1689; x_wconf 87' lang='lat' dir='ltr'><em>in</em></span> <span class='ocrx_word' id='word_1_202' title='bbox 1007 1637 1234 1693; x_wconf 87' lang='lat' dir='ltr'><em>Maximo</em></span> <span class='ocrx_word' id='word_1_203' title='bbox 1258 1637 1480 1704; x_wconf 87' lang='lat' dir='ltr'><em>Homine,</em></span> <span class='ocrx_word' id='word_1_204' title='bbox 1526 1638 1652 1712; x_wconf 85' lang='lat' dir='ltr'><em>quod</em></span> <span class='ocrx_word' id='word_1_205' title='bbox 1682 1637 1744 1704; x_wconf 83' lang='lat' dir='ltr'><em>est</em></span> <span class='ocrx_word' id='word_1_206' title='bbox 1766 1635 1965 1699; x_wconf 81' lang='lat' dir='ltr'><em>Caelum,</em></span> <span class='ocrx_word' id='word_1_207' title='bbox 2002 1635 2062 1688; x_wconf 91' lang='lat' dir='ltr'><em>id</em></span> <span class='ocrx_word' id='word_1_208' title='bbox 2095 1636 2391 1709; x_wconf 70' lang='lat' dir='ltr'><em>referebant,</em></span> 
     </span>
     <span class='ocr_line' id='line_1_21' title="bbox 390 1710 2393 1784; baseline 0.001 -21"><span class='ocrx_word' id='word_1_209' title='bbox 390 1710 449 1764; x_wconf 74' lang='lat'><em>&amp;³</em></span> <span class='ocrx_word' id='word_1_210' title='bbox 473 1711 590 1783; x_wconf 89' lang='lat' dir='ltr'><em>quia</em></span> <span class='ocrx_word' id='word_1_211' title='bbox 617 1710 970 1782; x_wconf 76' lang='lat' dir='ltr'><em>perspicaciter</em></span> <span class='ocrx_word' id='word_1_212' title='bbox 991 1710 1224 1765; x_wconf 87' lang='lat' dir='ltr'><em>videbant</em></span> <span class='ocrx_word' id='word_1_213' title='bbox 1248 1731 1354 1784; x_wconf 85' lang='lat' dir='ltr'><em>quae</em></span> <span class='ocrx_word' id='word_1_214' title='bbox 1393 1714 1537 1784; x_wconf 78' lang='lat' dir='ltr'><em>infra</em></span> <span class='ocrx_word' id='word_1_215' title='bbox 1574 1723 1734 1775; x_wconf 90' lang='lat' dir='ltr'><em>erant,</em></span> <span class='ocrx_word' id='word_1_216' title='bbox 1778 1712 1911 1764; x_wconf 86' lang='lat' dir='ltr'><em>inter</em></span> <span class='ocrx_word' id='word_1_217' title='bbox 1936 1710 2207 1782; x_wconf 87' lang='lat' dir='ltr'><em>loquendum</em></span> <span class='ocrx_word' id='word_1_218' title='bbox 2244 1712 2393 1766; x_wconf 87' lang='lat' dir='ltr'><em>etiam</em></span> 
     </span>
     <span class='ocr_line' id='line_1_22' title="bbox 390 1783 2397 1859; baseline 0.001 -22"><span class='ocrx_word' id='word_1_219' title='bbox 390 1783 724 1857; x_wconf 88' lang='lat' dir='ltr'><em>comparabam</em></span> <span class='ocrx_word' id='word_1_220' title='bbox 762 1785 866 1838; x_wconf 87' lang='lat' dir='ltr'><em>illos</em></span> <span class='ocrx_word' id='word_1_221' title='bbox 900 1805 1010 1839; x_wconf 88' lang='lat' dir='ltr'><em>cum</em></span> <span class='ocrx_word' id='word_1_222' title='bbox 1029 1786 1240 1858; x_wconf 86' lang='lat' dir='ltr'><em>Aquilis,</em></span> <span class='ocrx_word' id='word_1_223' title='bbox 1277 1804 1386 1859; x_wconf 83' lang='lat' dir='ltr'><em>quae</em></span> <span class='ocrx_word' id='word_1_224' title='bbox 1423 1787 1522 1840; x_wconf 87' lang='lat' dir='ltr'><em>alte</em></span> <span class='ocrx_word' id='word_1_225' title='bbox 1544 1788 1726 1852; x_wconf 86' lang='lat' dir='ltr'><em>volant,</em></span> <span class='ocrx_word' id='word_1_226' title='bbox 1765 1786 1824 1838; x_wconf 70' lang='lat'><em>&amp;³</em></span> <span class='ocrx_word' id='word_1_227' title='bbox 1839 1785 2189 1856; x_wconf 80' lang='lat' dir='ltr'><em>perspicaciter</em></span> <span class='ocrx_word' id='word_1_228' title='bbox 2213 1787 2272 1839; x_wconf 56' lang='grc' dir='ltr'>ὅ</span> <span class='ocrx_word' id='word_1_229' title='bbox 2296 1786 2397 1839; x_wconf 84' lang='lat' dir='ltr'><em>late</em></span> 
     </span>
     <span class='ocr_line' id='line_1_23' title="bbox 390 1858 2397 1933; baseline 0.001 -22"><span class='ocrx_word' id='word_1_230' title='bbox 390 1859 782 1930; x_wconf 74' lang='lat' dir='ltr'><em>circumspiciunt</em></span> <span class='ocrx_word' id='word_1_231' title='bbox 796 1879 814 1910; x_wconf 91' lang='grc'><em>.·</em></span> <span class='ocrx_word' id='word_1_232' title='bbox 848 1859 946 1930; x_wconf 78' lang='lat' dir='ltr'><em>sed</em></span> <span class='ocrx_word' id='word_1_233' title='bbox 963 1859 1036 1913; x_wconf 90' lang='lat' dir='ltr'><em>ad</em></span> <span class='ocrx_word' id='word_1_234' title='bbox 1053 1860 1156 1914; x_wconf 84' lang='lat' dir='ltr'><em>haec</em></span> <span class='ocrx_word' id='word_1_235' title='bbox 1179 1860 1432 1932; x_wconf 88' lang='lat' dir='ltr'><em>indignati</em></span> <span class='ocrx_word' id='word_1_236' title='bbox 1456 1863 1598 1933; x_wconf 76' lang='lat' dir='ltr'><em>stent,</em></span> <span class='ocrx_word' id='word_1_237' title='bbox 1633 1871 1863 1932; x_wconf 88' lang='lat' dir='ltr'><em>putantes</em></span> <span class='ocrx_word' id='word_1_238' title='bbox 1887 1858 2006 1932; x_wconf 87' lang='lat' dir='ltr'><em>quod</em></span> <span class='ocrx_word' id='word_1_239' title='bbox 2030 1859 2131 1914; x_wconf 84' lang='lat' dir='ltr'><em>ideo</em></span> <span class='ocrx_word' id='word_1_240' title='bbox 2157 1860 2397 1914; x_wconf 80' lang='lat' dir='ltr'><em>crederem</em></span> 
     </span>
     <span class='ocr_line' id='line_1_24' title="bbox 393 1931 2395 2008; baseline 0.002 -24"><span class='ocrx_word' id='word_1_241' title='bbox 393 1931 493 1984; x_wconf 78' lang='lat' dir='ltr'><em>illos</em></span> <span class='ocrx_word' id='word_1_242' title='bbox 517 1934 695 2005; x_wconf 89' lang='lat' dir='ltr'><em>aquilis</em></span> <span class='ocrx_word' id='word_1_243' title='bbox 707 1933 890 2002; x_wconf 82' lang='lat' dir='ltr'><em>stmiles</em></span> <span class='ocrx_word' id='word_1_244' title='bbox 913 1935 1068 2005; x_wconf 88' lang='lat' dir='ltr'><em>quoad</em></span> <span class='ocrx_word' id='word_1_245' title='bbox 1086 1935 1329 2005; x_wconf 88' lang='lat' dir='ltr'><em>rapinam,</em></span> <span class='ocrx_word' id='word_1_246' title='bbox 1369 1936 1427 1989; x_wconf 77' lang='lat'><em>&amp;³</em></span> <span class='ocrx_word' id='word_1_247' title='bbox 1436 1937 1515 2006; x_wconf 83' lang='lat' dir='ltr'><em>stc</em></span> <span class='ocrx_word' id='word_1_248' title='bbox 1538 1934 1664 2008; x_wconf 89' lang='lat' dir='ltr'><em>quod</em></span> <span class='ocrx_word' id='word_1_249' title='bbox 1683 1935 1802 1988; x_wconf 91' lang='lat' dir='ltr'><em>mali</em></span> <span class='ocrx_word' id='word_1_250' title='bbox 1825 1935 1962 2008; x_wconf 80' lang='lat' dir='ltr'><em>effint</em></span> <span class='ocrx_word' id='word_1_251' title='bbox 1982 1959 1996 1994; x_wconf 91' lang='lat'>;</span> <span class='ocrx_word' id='word_1_252' title='bbox 2025 1935 2121 2005; x_wconf 80' lang='lat' dir='ltr'><em>fid</em></span> <span class='ocrx_word' id='word_1_253' title='bbox 2153 1936 2395 2006; x_wconf 67' lang='lat' dir='ltr'><em>responde-</em></span> 
     </span>
     <span class='ocr_line' id='line_1_25' title="bbox 327 2005 2396 2081; baseline 0.002 -23"><span class='ocrx_word' id='word_1_254' title='bbox 327 2062 330 2065; x_wconf 58' lang='lat'><em>,</em></span> <span class='ocrx_word' id='word_1_255' title='bbox 394 2005 521 2069; x_wconf 88' lang='lat' dir='ltr'><em>bam,</em></span> <span class='ocrx_word' id='word_1_256' title='bbox 560 2006 684 2078; x_wconf 88' lang='lat' dir='ltr'><em>quod</em></span> <span class='ocrx_word' id='word_1_257' title='bbox 702 2025 791 2058; x_wconf 91' lang='lat' dir='ltr'><em>non</em></span> <span class='ocrx_word' id='word_1_258' title='bbox 827 2007 1130 2077; x_wconf 78' lang='lat' dir='ltr'><em>affi&#39;milarem</em></span> <span class='ocrx_word' id='word_1_259' title='bbox 1166 2008 1266 2061; x_wconf 91' lang='lat' dir='ltr'><em>illos</em></span> <span class='ocrx_word' id='word_1_260' title='bbox 1290 2009 1467 2081; x_wconf 89' lang='lat' dir='ltr'><em>aquilis</em></span> <span class='ocrx_word' id='word_1_261' title='bbox 1491 2009 1646 2081; x_wconf 86' lang='lat' dir='ltr'><em>quoad</em></span> <span class='ocrx_word' id='word_1_262' title='bbox 1665 2009 1909 2080; x_wconf 85' lang='lat' dir='ltr'><em>rapinam,</em></span> <span class='ocrx_word' id='word_1_263' title='bbox 1938 2007 2035 2075; x_wconf 87' lang='lat' dir='ltr'><em>sed</em></span> <span class='ocrx_word' id='word_1_264' title='bbox 2055 2009 2213 2079; x_wconf 86' lang='lat' dir='ltr'><em>quoad</em></span> <span class='ocrx_word' id='word_1_265' title='bbox 2244 2011 2396 2063; x_wconf 89' lang='lat' dir='ltr'><em>aciem</em></span> 
     </span>
     <span class='ocr_line' id='line_1_26' title="bbox 391 2079 2395 2155; baseline 0.001 -22"><span class='ocrx_word' id='word_1_266' title='bbox 391 2079 557 2151; x_wconf 66' lang='lat' dir='ltr'><em>visus,</em></span> <span class='ocrx_word' id='word_1_267' title='bbox 601 2079 825 2143; x_wconf 79' lang='lat' dir='ltr'><em>ada&#39;endO,</em></span> <span class='ocrx_word' id='word_1_268' title='bbox 862 2080 986 2152; x_wconf 87' lang='lat' dir='ltr'><em>quod</em></span> <span class='ocrx_word' id='word_1_269' title='bbox 1005 2082 1090 2153; x_wconf 89' lang='lat' dir='ltr'><em>qui</em></span> <span class='ocrx_word' id='word_1_270' title='bbox 1109 2081 1291 2150; x_wconf 80' lang='lat' dir='ltr'><em>stmiles</em></span> <span class='ocrx_word' id='word_1_271' title='bbox 1327 2083 1503 2154; x_wconf 87' lang='lat' dir='ltr'><em>aquilis</em></span> <span class='ocrx_word' id='word_1_272' title='bbox 1525 2082 1681 2155; x_wconf 83' lang='lat' dir='ltr'><em>quoad</em></span> <span class='ocrx_word' id='word_1_273' title='bbox 1714 2082 1942 2153; x_wconf 85' lang='lat' dir='ltr'><em>rapinam</em></span> <span class='ocrx_word' id='word_1_274' title='bbox 1964 2081 2104 2153; x_wconf 70' lang='lat' dir='ltr'><em>stent,</em></span> <span class='ocrx_word' id='word_1_275' title='bbox 2149 2084 2269 2136; x_wconf 90' lang='lat' dir='ltr'><em>mali</em></span> <span class='ocrx_word' id='word_1_276' title='bbox 2272 2084 2395 2154; x_wconf 70' lang='lat' dir='ltr'><em>stuf,</em></span> 
     </span>
     <span class='ocr_line' id='line_1_27' title="bbox 395 2147 1539 2228; baseline 0.001 -21"><span class='ocrx_word' id='word_1_277' title='bbox 395 2165 453 2207; x_wconf 92' lang='lat' dir='ltr'><em>at</em></span> <span class='ocrx_word' id='word_1_278' title='bbox 474 2155 558 2226; x_wconf 78' lang='lat' dir='ltr'><em>qui</em></span> <span class='ocrx_word' id='word_1_279' title='bbox 565 2154 721 2226; x_wconf 80' lang='lat' dir='ltr'><em>solum</em></span> <span class='ocrx_word' id='word_1_280' title='bbox 745 2153 904 2225; x_wconf 86' lang='lat' dir='ltr'><em>quoad</em></span> <span class='ocrx_word' id='word_1_281' title='bbox 920 2155 1074 2208; x_wconf 90' lang='lat' dir='ltr'><em>aciem</em></span> <span class='ocrx_word' id='word_1_282' title='bbox 1098 2147 1244 2228; x_wconf 78' lang='lat' dir='ltr'><em>visus,</em></span> <span class='ocrx_word' id='word_1_283' title='bbox 1291 2154 1398 2208; x_wconf 89' lang='lat' dir='ltr'><em>boni</em></span> <span class='ocrx_word' id='word_1_284' title='bbox 1414 2158 1539 2226; x_wconf 84' lang='lat' dir='ltr'><em>sint.</em></span> 
     </span>
    </p>

    <p class='ocr_par' dir='ltr' id='par_1_6' title="bbox 392 2228 2398 3190">
     <span class='ocr_line' id='line_1_28' title="bbox 473 2228 2390 2302; baseline 0.002 -22"><span class='ocrx_word' id='word_1_285' title='bbox 473 2241 582 2300; x_wconf 92' lang='lat'><em>997</em></span> <span class='ocrx_word' id='word_1_286' title='bbox 594 2248 635 2281; x_wconf 77' lang='lat' dir='ltr'><em>s.</em></span> <span class='ocrx_word' id='word_1_287' title='bbox 674 2229 979 2299; x_wconf 87' lang='lat' dir='ltr'><em>Interrogati</em></span> <span class='ocrx_word' id='word_1_288' title='bbox 997 2228 1121 2298; x_wconf 79' lang='lat' dir='ltr'><em>sunt</em></span> <span class='ocrx_word' id='word_1_289' title='bbox 1145 2229 1201 2282; x_wconf 89' lang='lat' dir='ltr'><em>de</em></span> <span class='ocrx_word' id='word_1_290' title='bbox 1224 2230 1336 2282; x_wconf 89' lang='lat' dir='ltr'><em>Deo</em></span> <span class='ocrx_word' id='word_1_291' title='bbox 1359 2249 1493 2302; x_wconf 88' lang='lat' dir='ltr'><em>quem</em></span> <span class='ocrx_word' id='word_1_292' title='bbox 1517 2230 1737 2292; x_wconf 86' lang='lat' dir='ltr'><em>colerent,</em></span> <span class='ocrx_word' id='word_1_293' title='bbox 1779 2228 1849 2282; x_wconf 89' lang='lat' dir='ltr'><em>ad</em></span> <span class='ocrx_word' id='word_1_294' title='bbox 1879 2228 2002 2300; x_wconf 86' lang='lat' dir='ltr'><em>quod</em></span> <span class='ocrx_word' id='word_1_295' title='bbox 2036 2230 2390 2302; x_wconf 66' lang='lat' dir='ltr'><em>respondebant,</em></span> 
     </span>
     <span class='ocr_line' id='line_1_29' title="bbox 392 2301 2394 2376; baseline 0.002 -22"><span class='ocrx_word' id='word_1_296' title='bbox 392 2301 515 2375; x_wconf 82' lang='lat' dir='ltr'><em>quod</em></span> <span class='ocrx_word' id='word_1_297' title='bbox 539 2303 744 2370; x_wconf 79' lang='lat' dir='ltr'><em>colerent</em></span> <span class='ocrx_word' id='word_1_298' title='bbox 766 2302 932 2355; x_wconf 88' lang='lat' dir='ltr'><em>Deum</em></span> <span class='ocrx_word' id='word_1_299' title='bbox 970 2302 1199 2372; x_wconf 73' lang='lat' dir='ltr'><em>visibilem</em></span> <span class='ocrx_word' id='word_1_300' title='bbox 1223 2303 1283 2356; x_wconf 68' lang='lat'><em>&amp;³</em></span> <span class='ocrx_word' id='word_1_301' title='bbox 1307 2303 1608 2371; x_wconf 80' lang='lat' dir='ltr'><em>invisibilem,</em></span> <span class='ocrx_word' id='word_1_302' title='bbox 1648 2304 1814 2358; x_wconf 90' lang='lat' dir='ltr'><em>Deum</em></span> <span class='ocrx_word' id='word_1_303' title='bbox 1848 2302 2076 2374; x_wconf 83' lang='lat' dir='ltr'><em>vistbilem</em></span> <span class='ocrx_word' id='word_1_304' title='bbox 2097 2304 2195 2376; x_wconf 73' lang='lat' dir='ltr'><em>steb</em></span> <span class='ocrx_word' id='word_1_305' title='bbox 2215 2307 2394 2375; x_wconf 78' lang='lat' dir='ltr'><em>jorma</em></span> 
     </span>
     <span class='ocr_line' id='line_1_30' title="bbox 394 2375 2398 2450; baseline 0.001 -20"><span class='ocrx_word' id='word_1_306' title='bbox 394 2378 642 2440; x_wconf 89' lang='lat' dir='ltr'><em>Humana,</em></span> <span class='ocrx_word' id='word_1_307' title='bbox 683 2395 743 2429; x_wconf 93' lang='lat' dir='ltr'><em>ac</em></span> <span class='ocrx_word' id='word_1_308' title='bbox 767 2377 933 2429; x_wconf 89' lang='lat' dir='ltr'><em>Deum</em></span> <span class='ocrx_word' id='word_1_309' title='bbox 957 2375 1237 2447; x_wconf 68' lang='lat' dir='ltr'><em>invfflbilem</em></span> <span class='ocrx_word' id='word_1_310' title='bbox 1261 2397 1350 2431; x_wconf 90' lang='lat' dir='ltr'><em>non</em></span> <span class='ocrx_word' id='word_1_311' title='bbox 1370 2375 1468 2449; x_wconf 73' lang='lat' dir='ltr'><em>fieb</em></span> <span class='ocrx_word' id='word_1_312' title='bbox 1492 2378 1657 2450; x_wconf 85' lang='lat' dir='ltr'><em>aliqua</em></span> <span class='ocrx_word' id='word_1_313' title='bbox 1675 2377 1890 2445; x_wconf 79' lang='lat' dir='ltr'><em>forma3</em></span> <span class='ocrx_word' id='word_1_314' title='bbox 1932 2379 1991 2431; x_wconf 64' lang='grc' dir='ltr'><em>ἔθ’</em></span> <span class='ocrx_word' id='word_1_315' title='bbox 2015 2392 2298 2449; x_wconf 89' lang='lat' dir='ltr'><em>compertum</em></span> <span class='ocrx_word' id='word_1_316' title='bbox 2336 2381 2398 2449; x_wconf 75' lang='lat' dir='ltr'><em>est</em></span> 
     </span>
     <span class='ocr_line' id='line_1_31' title="bbox 398 2450 2394 2522; baseline 0.002 -19"><span class='ocrx_word' id='word_1_317' title='bbox 398 2471 458 2504; x_wconf 83' lang='lat' dir='ltr'><em>ex</em></span> <span class='ocrx_word' id='word_1_318' title='bbox 483 2450 660 2522; x_wconf 87' lang='lat' dir='ltr'><em>loquela</em></span> <span class='ocrx_word' id='word_1_319' title='bbox 686 2468 860 2515; x_wconf 88' lang='lat' dir='ltr'><em>eorum,</em></span> <span class='ocrx_word' id='word_1_320' title='bbox 901 2450 959 2503; x_wconf 75' lang='lat'><em>&amp;²</em></span> <span class='ocrx_word' id='word_1_321' title='bbox 982 2469 1154 2522; x_wconf 87' lang='lat' dir='ltr'><em>quoque</em></span> <span class='ocrx_word' id='word_1_322' title='bbox 1193 2471 1252 2503; x_wconf 86' lang='lat' dir='ltr'><em>ex</em></span> <span class='ocrx_word' id='word_1_323' title='bbox 1287 2450 1407 2504; x_wconf 88' lang='lat' dir='ltr'><em>ideis</em></span> <span class='ocrx_word' id='word_1_324' title='bbox 1440 2453 1740 2522; x_wconf 87' lang='lat' dir='ltr'><em>cogitationis</em></span> <span class='ocrx_word' id='word_1_325' title='bbox 1778 2471 1937 2504; x_wconf 86' lang='lat' dir='ltr'><em>eorum</em></span> <span class='ocrx_word' id='word_1_326' title='bbox 1975 2471 2152 2504; x_wconf 86' lang='lat' dir='ltr'><em>mecum</em></span> <span class='ocrx_word' id='word_1_327' title='bbox 2192 2472 2394 2507; x_wconf 85' lang='lat' dir='ltr'><em>commu-</em></span> 
     </span>
     <span class='ocr_line' id='line_1_32' title="bbox 398 2523 2396 2597; baseline 0.002 -20"><span class='ocrx_word' id='word_1_328' title='bbox 398 2525 591 2587; x_wconf 87' lang='lat' dir='ltr'><em>nicatis,</em></span> <span class='ocrx_word' id='word_1_329' title='bbox 628 2523 750 2595; x_wconf 87' lang='lat' dir='ltr'><em>quod</em></span> <span class='ocrx_word' id='word_1_330' title='bbox 769 2524 910 2576; x_wconf 89' lang='lat' dir='ltr'><em>Deus</em></span> <span class='ocrx_word' id='word_1_331' title='bbox 932 2523 1131 2586; x_wconf 67' lang='lat' dir='ltr'><em>vtstbilis</em></span> <span class='ocrx_word' id='word_1_332' title='bbox 1153 2524 1257 2596; x_wconf 73' lang='lat' dir='ltr'><em>estet</em></span> <span class='ocrx_word' id='word_1_333' title='bbox 1280 2526 1382 2595; x_wconf 71' lang='lat' dir='ltr'><em>Ipfi·</em></span> <span class='ocrx_word' id='word_1_334' title='bbox 1416 2525 1564 2588; x_wconf 83' lang='lat' dir='ltr'><em>noster</em></span> <span class='ocrx_word' id='word_1_335' title='bbox 1587 2525 1843 2588; x_wconf 83' lang='lat' dir='ltr'><em>Dominus,</em></span> <span class='ocrx_word' id='word_1_336' title='bbox 1883 2525 1942 2578; x_wconf 55' lang='grc' dir='ltr'>ὃ</span> <span class='ocrx_word' id='word_1_337' title='bbox 1965 2544 2136 2597; x_wconf 86' lang='lat' dir='ltr'><em>quoque</em></span> <span class='ocrx_word' id='word_1_338' title='bbox 2159 2527 2396 2580; x_wconf 88' lang='lat' dir='ltr'><em>vocabant</em></span> 
     </span>
     <span class='ocr_line' id='line_1_33' title="bbox 397 2596 2395 2671; baseline 0.001 -19"><span class='ocrx_word' id='word_1_339' title='bbox 397 2598 555 2669; x_wconf 74' lang='lat' dir='ltr'><em>Ipsum</em></span> <span class='ocrx_word' id='word_1_340' title='bbox 581 2597 847 2650; x_wconf 90' lang='lat' dir='ltr'><em>Dominum</em></span> <span class='ocrx_word' id='word_1_341' title='bbox 865 2616 882 2648; x_wconf 90' lang='grc'><em>.·</em></span> <span class='ocrx_word' id='word_1_342' title='bbox 935 2596 1004 2650; x_wconf 89' lang='lat' dir='ltr'><em>ad</em></span> <span class='ocrx_word' id='word_1_343' title='bbox 1043 2598 1145 2651; x_wconf 85' lang='lat' dir='ltr'><em>haec</em></span> <span class='ocrx_word' id='word_1_344' title='bbox 1168 2598 1445 2670; x_wconf 79' lang='lat' dir='ltr'><em>respondere</em></span> <span class='ocrx_word' id='word_1_345' title='bbox 1472 2599 1637 2652; x_wconf 90' lang='lat' dir='ltr'><em>datum</em></span> <span class='ocrx_word' id='word_1_346' title='bbox 1678 2598 1755 2661; x_wconf 73' lang='lat' dir='ltr'><em>eli,</em></span> <span class='ocrx_word' id='word_1_347' title='bbox 1800 2598 1922 2671; x_wconf 86' lang='lat' dir='ltr'><em>quod</em></span> <span class='ocrx_word' id='word_1_348' title='bbox 1962 2599 2108 2652; x_wconf 88' lang='lat' dir='ltr'><em>etiam</em></span> <span class='ocrx_word' id='word_1_349' title='bbox 2145 2601 2199 2652; x_wconf 89' lang='lat' dir='ltr'><em>in</em></span> <span class='ocrx_word' id='word_1_350' title='bbox 2237 2603 2395 2662; x_wconf 85' lang='lat' dir='ltr'><em>noslra</em></span> 
     </span>
     <span class='ocr_line' id='line_1_34' title="bbox 398 2671 2392 2745; baseline 0.002 -20"><span class='ocrx_word' id='word_1_351' title='bbox 398 2672 588 2741; x_wconf 78' lang='lat' dir='ltr'><em>Tellure</em></span> <span class='ocrx_word' id='word_1_352' title='bbox 611 2671 798 2724; x_wconf 87' lang='lat' dir='ltr'><em>colatur</em></span> <span class='ocrx_word' id='word_1_353' title='bbox 823 2671 964 2724; x_wconf 87' lang='lat' dir='ltr'><em>Deus</em></span> <span class='ocrx_word' id='word_1_354' title='bbox 998 2671 1198 2741; x_wconf 74' lang='lat' dir='ltr'><em>visibilis</em></span> <span class='ocrx_word' id='word_1_355' title='bbox 1234 2673 1293 2726; x_wconf 54' lang='grc' dir='ltr'>ὃ</span> <span class='ocrx_word' id='word_1_356' title='bbox 1330 2672 1598 2744; x_wconf 69' lang='lat' dir='ltr'><em>invffi&#39;bilis,</em></span> <span class='ocrx_word' id='word_1_357' title='bbox 1639 2675 1696 2728; x_wconf 80' lang='lat'><em>&amp;³</em></span> <span class='ocrx_word' id='word_1_358' title='bbox 1721 2673 1844 2743; x_wconf 86' lang='lat' dir='ltr'><em>quod</em></span> <span class='ocrx_word' id='word_1_359' title='bbox 1864 2673 2003 2726; x_wconf 86' lang='lat' dir='ltr'><em>Deus</em></span> <span class='ocrx_word' id='word_1_360' title='bbox 2037 2674 2290 2745; x_wconf 66' lang='lat' dir='ltr'><em>invgssbilis</em></span> <span class='ocrx_word' id='word_1_361' title='bbox 2313 2676 2392 2729; x_wconf 86' lang='lat' dir='ltr'><em>di-</em></span> 
     </span>
     <span class='ocr_line' id='line_1_35' title="bbox 400 2744 2394 2819; baseline 0.003 -20"><span class='ocrx_word' id='word_1_362' title='bbox 400 2758 547 2800; x_wconf 89' lang='lat' dir='ltr'><em>catur</em></span> <span class='ocrx_word' id='word_1_363' title='bbox 571 2747 746 2808; x_wconf 88' lang='lat' dir='ltr'><em>Pater,</em></span> <span class='ocrx_word' id='word_1_364' title='bbox 788 2745 844 2798; x_wconf 81' lang='lat'><em>&amp;</em></span> <span class='ocrx_word' id='word_1_365' title='bbox 882 2744 1082 2815; x_wconf 79' lang='lat' dir='ltr'><em>visibilis</em></span> <span class='ocrx_word' id='word_1_366' title='bbox 1119 2747 1385 2811; x_wconf 88' lang='lat' dir='ltr'><em>Dominus;</em></span> <span class='ocrx_word' id='word_1_367' title='bbox 1418 2746 1515 2816; x_wconf 76' lang='lat' dir='ltr'><em>fid</em></span> <span class='ocrx_word' id='word_1_368' title='bbox 1550 2746 1673 2818; x_wconf 90' lang='lat' dir='ltr'><em>quod</em></span> <span class='ocrx_word' id='word_1_369' title='bbox 1707 2758 1902 2818; x_wconf 84' lang='lat' dir='ltr'><em>uterque</em></span> <span class='ocrx_word' id='word_1_370' title='bbox 1947 2767 2091 2800; x_wconf 88' lang='lat' dir='ltr'><em>unum</em></span> <span class='ocrx_word' id='word_1_371' title='bbox 2115 2748 2237 2816; x_wconf 81' lang='lat' dir='ltr'><em>stat,</em></span> <span class='ocrx_word' id='word_1_372' title='bbox 2260 2750 2394 2819; x_wconf 76' lang='lat' dir='ltr'><em>ficut</em></span> 
     </span>
     <span class='ocr_line' id='line_1_36' title="bbox 399 2818 2397 2895; baseline 0.002 -21"><span class='ocrx_word' id='word_1_373' title='bbox 399 2823 502 2892; x_wconf 83' lang='lat' dir='ltr'><em>Ipfi’</em></span> <span class='ocrx_word' id='word_1_374' title='bbox 526 2838 603 2878; x_wconf 79' lang='lat' dir='ltr'><em>nos</em></span> <span class='ocrx_word' id='word_1_375' title='bbox 627 2818 799 2881; x_wconf 88' lang='lat' dir='ltr'><em>docuit,</em></span> <span class='ocrx_word' id='word_1_376' title='bbox 839 2818 1047 2883; x_wconf 81' lang='lat' dir='ltr'><em>dicendo,</em></span> <span class='ocrx_word' id='word_1_377' title='bbox 1084 2820 1206 2892; x_wconf 89' lang='lat' dir='ltr'><em>quod</em></span> <span class='ocrx_word' id='word_1_378' title='bbox 1209 2820 1416 2893; x_wconf 74' lang='lat' dir='ltr'><em>speciem</em></span> <span class='ocrx_word' id='word_1_379' title='bbox 1443 2821 1623 2874; x_wconf 87' lang='lat' dir='ltr'><em>Patris</em></span> <span class='ocrx_word' id='word_1_380' title='bbox 1659 2839 1896 2892; x_wconf 88' lang='lat' dir='ltr'><em>nunquam</em></span> <span class='ocrx_word' id='word_1_381' title='bbox 1921 2821 2155 2885; x_wconf 83' lang='lat' dir='ltr'><em>viderint,</em></span> <span class='ocrx_word' id='word_1_382' title='bbox 2195 2835 2251 2875; x_wconf 91' lang='lat' dir='ltr'><em>at</em></span> <span class='ocrx_word' id='word_1_383' title='bbox 2275 2827 2397 2895; x_wconf 86' lang='lat' dir='ltr'><em>quod</em></span> 
     </span>
     <span class='ocr_line' id='line_1_37' title="bbox 397 2893 2388 2966; baseline 0.001 -17"><span class='ocrx_word' id='word_1_384' title='bbox 397 2897 561 2949; x_wconf 86' lang='lat' dir='ltr'><em>Pater</em></span> <span class='ocrx_word' id='word_1_385' title='bbox 598 2895 656 2947; x_wconf 54' lang='grc' dir='ltr'><em>ἐξ</em></span> <span class='ocrx_word' id='word_1_386' title='bbox 682 2893 783 2963; x_wconf 79' lang='lat' dir='ltr'><em>Ipfi’</em></span> <span class='ocrx_word' id='word_1_387' title='bbox 818 2911 962 2944; x_wconf 91' lang='lat' dir='ltr'><em>unum</em></span> <span class='ocrx_word' id='word_1_388' title='bbox 978 2894 1100 2962; x_wconf 72' lang='lat' dir='ltr'><em>strat,</em></span> <span class='ocrx_word' id='word_1_389' title='bbox 1140 2897 1198 2949; x_wconf 79' lang='lat'><em>&amp;¹</em></span> <span class='ocrx_word' id='word_1_390' title='bbox 1223 2894 1346 2966; x_wconf 87' lang='lat' dir='ltr'><em>quod</em></span> <span class='ocrx_word' id='word_1_391' title='bbox 1376 2895 1461 2965; x_wconf 89' lang='lat' dir='ltr'><em>qui</em></span> <span class='ocrx_word' id='word_1_392' title='bbox 1496 2894 1630 2947; x_wconf 84' lang='lat' dir='ltr'><em>vidit</em></span> <span class='ocrx_word' id='word_1_393' title='bbox 1669 2896 1823 2965; x_wconf 86' lang='lat' dir='ltr'><em>Ipsum</em></span> <span class='ocrx_word' id='word_1_394' title='bbox 1861 2895 2030 2948; x_wconf 86' lang='lat' dir='ltr'><em>videat</em></span> <span class='ocrx_word' id='word_1_395' title='bbox 2056 2897 2279 2960; x_wconf 86' lang='lat' dir='ltr'><em>Patrem,</em></span> <span class='ocrx_word' id='word_1_396' title='bbox 2330 2901 2388 2951; x_wconf 82' lang='lat'><em>&amp;</em></span> 
     </span>
     <span class='ocr_line' id='line_1_38' title="bbox 400 2966 2395 3043; baseline 0.002 -22"><span class='ocrx_word' id='word_1_397' title='bbox 400 2968 521 3041; x_wconf 82' lang='lat' dir='ltr'><em>quod</em></span> <span class='ocrx_word' id='word_1_398' title='bbox 552 2970 706 3021; x_wconf 85' lang='lat' dir='ltr'><em>Pater</em></span> <span class='ocrx_word' id='word_1_399' title='bbox 747 2966 800 3018; x_wconf 87' lang='lat' dir='ltr'><em>in</em></span> <span class='ocrx_word' id='word_1_400' title='bbox 838 2966 939 3036; x_wconf 76' lang='lat' dir='ltr'><em>Ipso</em></span> <span class='ocrx_word' id='word_1_401' title='bbox 977 2967 1034 3019; x_wconf 76' lang='lat'><em>&amp;³</em></span> <span class='ocrx_word' id='word_1_402' title='bbox 1054 2966 1156 3043; x_wconf 77' lang='lat' dir='ltr'><em>Ipse</em></span> <span class='ocrx_word' id='word_1_403' title='bbox 1192 2969 1246 3019; x_wconf 89' lang='lat' dir='ltr'><em>in</em></span> <span class='ocrx_word' id='word_1_404' title='bbox 1280 2970 1468 3032; x_wconf 81' lang='lat' dir='ltr'><em>Patre3</em></span> <span class='ocrx_word' id='word_1_405' title='bbox 1529 2968 1848 3041; x_wconf 75' lang='lat' dir='ltr'><em>consequenter</em></span> <span class='ocrx_word' id='word_1_406' title='bbox 1893 2968 2013 3040; x_wconf 87' lang='lat' dir='ltr'><em>quod</em></span> <span class='ocrx_word' id='word_1_407' title='bbox 2051 2981 2301 3043; x_wconf 87' lang='lat' dir='ltr'><em>utrumque</em></span> <span class='ocrx_word' id='word_1_408' title='bbox 2338 2972 2395 3024; x_wconf 80' lang='lat' dir='ltr'><em>id</em></span> 
     </span>
     <span class='ocr_line' id='line_1_39' title="bbox 401 3039 2390 3114; baseline 0.001 -17"><span class='ocrx_word' id='word_1_409' title='bbox 401 3043 652 3097; x_wconf 87' lang='lat' dir='ltr'><em>Divinum</em></span> <span class='ocrx_word' id='word_1_410' title='bbox 676 3042 729 3093; x_wconf 90' lang='lat' dir='ltr'><em>in</em></span> <span class='ocrx_word' id='word_1_411' title='bbox 757 3059 854 3092; x_wconf 90' lang='lat' dir='ltr'><em>una</em></span> <span class='ocrx_word' id='word_1_412' title='bbox 885 3039 1084 3111; x_wconf 76' lang='lat' dir='ltr'><em>persona</em></span> <span class='ocrx_word' id='word_1_413' title='bbox 1104 3041 1194 3110; x_wconf 85' lang='lat' dir='ltr'><em>stt.</em></span> <span class='ocrx_word' id='word_1_414' title='bbox 1272 3041 1411 3112; x_wconf 74' lang='lat' dir='ltr'><em>Qod</em></span> <span class='ocrx_word' id='word_1_415' title='bbox 1440 3042 1528 3095; x_wconf 88' lang='lat' dir='ltr'><em>illa</em></span> <span class='ocrx_word' id='word_1_416' title='bbox 1551 3042 1693 3113; x_wconf 82' lang='lat' dir='ltr'><em>Ipstus</em></span> <span class='ocrx_word' id='word_1_417' title='bbox 1715 3043 1921 3095; x_wconf 81' lang='lat' dir='ltr'><em>Domini</em></span> <span class='ocrx_word' id='word_1_418' title='bbox 1957 3042 2109 3096; x_wconf 87' lang='lat' dir='ltr'><em>verba</em></span> <span class='ocrx_word' id='word_1_419' title='bbox 2133 3044 2256 3114; x_wconf 81' lang='lat' dir='ltr'><em>stnt,</em></span> <span class='ocrx_word' id='word_1_420' title='bbox 2305 3049 2390 3099; x_wconf 84' lang='lat' dir='ltr'><em>vi-</em></span> 
     </span>
     <span class='ocr_line' id='line_1_40' title="bbox 402 3115 2295 3190; baseline 0.001 -19"><span class='ocrx_word' id='word_1_421' title='bbox 402 3117 575 3175; x_wconf 83' lang='lat' dir='ltr'><em>deatur</em></span> <span class='ocrx_word' id='word_1_422' title='bbox 611 3115 812 3189; x_wconf 81' lang='lat' dir='ltr'><em>Johan:</em></span> <span class='ocrx_word' id='word_1_423' title='bbox 835 3115 970 3185; x_wconf 84' lang='lat' dir='ltr'><em>Cap.-</em></span> <span class='ocrx_word' id='word_1_424' title='bbox 998 3134 1028 3168; x_wconf 91' lang='lat' dir='ltr'>v</span> <span class='ocrx_word' id='word_1_425' title='bbox 1051 3135 1066 3168; x_wconf 72' lang='grc' dir='ltr'>ι</span> <span class='ocrx_word' id='word_1_426' title='bbox 1086 3131 1172 3187; x_wconf 86' lang='lat'><em>37.</em></span> <span class='ocrx_word' id='word_1_427' title='bbox 1212 3116 1313 3188; x_wconf 89' lang='lat' dir='ltr'><em>Cap</em></span> <span class='ocrx_word' id='word_1_428' title='bbox 1340 3136 1357 3168; x_wconf 91' lang='lat'><em>.·</em></span> <span class='ocrx_word' id='word_1_429' title='bbox 1379 3135 1447 3170; x_wconf 85' lang='lat' dir='ltr'><em>x:</em></span> <span class='ocrx_word' id='word_1_430' title='bbox 1472 3134 1560 3187; x_wconf 90' lang='lat'><em>30.</em></span> <span class='ocrx_word' id='word_1_431' title='bbox 1607 3118 1709 3189; x_wconf 90' lang='lat' dir='ltr'><em>Cap</em></span> <span class='ocrx_word' id='word_1_432' title='bbox 1731 3137 1744 3170; x_wconf 74' lang='grc' dir='ltr'>ε</span> <span class='ocrx_word' id='word_1_433' title='bbox 1768 3135 1865 3171; x_wconf 86' lang='lat' dir='ltr'><em>x1v</em></span> <span class='ocrx_word' id='word_1_434' title='bbox 1890 3138 1902 3170; x_wconf 89' lang='lat'>:</span> <span class='ocrx_word' id='word_1_435' title='bbox 1926 3133 1976 3190; x_wconf 89' lang='lat'><em>7.</em></span> <span class='ocrx_word' id='word_1_436' title='bbox 2006 3139 2055 3190; x_wconf 89' lang='lat'><em>9.</em></span> <span class='ocrx_word' id='word_1_437' title='bbox 2098 3135 2178 3171; x_wconf 87' lang='lat'><em>10.</em></span> <span class='ocrx_word' id='word_1_438' title='bbox 2215 3138 2295 3172; x_wconf 89' lang='lat'><em>11.</em></span> 
     </span>
    </p>
   </div>
   <div class='ocr_carea' id='block_1_4' title="bbox 2080 3267 2410 3340">
    <p class='ocr_par' dir='ltr' id='par_1_7' title="bbox 2080 3267 2410 3340">
     <span class='ocr_line' id='line_1_41' title="bbox 2080 3267 2410 3340; baseline 0.006 -3"><span class='ocrx_word' id='word_1_439' title='bbox 2080 3282 2242 3340; x_wconf 86' lang='lat'><strong>9972·</strong></span> <span class='ocrx_word' id='word_1_440' title='bbox 2270 3267 2410 3339; x_wconf 74' lang='lat' dir='ltr'><em>Post-</em></span> 
     </span>
    </p>
   </div>
  </div>
 </body>
</html>
