2840 3718
574 175 888 250 CAPUT
938 147 1569 269 TRIGESJ-MUM
1614 179 2138 270 QUARTUM.
2268 183 2402 272 613

378 325 571 381 peccata
597 312 727 369 tua,’'
773 307 971 359 Thren:
1013 323 1097 355 lv:
1145 321 1240 364 22:
1293 304 1419 370 apud
1452 304 1715 361 Danielem,
1752 309 1788 333 “
1812 305 2094 372 Septimanae
2115 307 2400 375 septuaginta

376 381 543 432 decisae
577 380 677 428 sunt
702 374 834 442 super
863 374 1092 440 populum
1116 385 1272 432 tuum,
1306 372 1364 420 ad
1387 370 1752 434 consummandum
1787 377 2214 435 praevaricationem,
2249 378 2299 426 &
2338 378 2398 426 ad

375 447 716 513 obfignandum
758 457 954 509 peccata,
997 443 1048 490 &
1092 441 1150 489 ad
1185 439 1474 508 expiandum
1498 439 1833 509 iniquitatem:
1871 442 2066 490 tandem*
2097 443 2230 507 super
2260 461 2396 493 avem

375 515 773 564 abominationum
803 508 1051 566 desolatio„
1097 507 1155 566 &
1187 508 1313 571 usque
1345 507 1408 555 ad
1426 507 1886 570 'consummationem''
1923 525 2005 558 1x:
2028 527 2107 571 24.
2133 526 2228 576 27:
2270 511 2397 576 apud

374 581 680 635 Matthaeum‚
740 583 775 605 ‘⁶
816 573 958 635 Mqffis
1000 574 1057 636 «fi,
1100 576 1399 638 consummatio
1438 573 1609 637 saeculi,
1665 573 2063 639 quemadmodum
2109 577 2395 642 colliguntur
2484 626 2490 637 ,

374 648 582 704 Zizania,
617 646 668 694 ὅτ,
693 645 802 708 igne
819 641 1172 697 comburuntur,
1180 639 1251 700 stc
1274 642 1361 689 erit
1382 641 1430 688 in
1445 641 1794 695 consummatione
1804 641 2007 705 saecali,”
2031 659 2132 691 xm
2154 662 2165 692 ε
2187 661 2267 710 39.
2291 663 2389 705 40:

373 715 498 780 apud
524 712 756 769 Eundem,
794 715 830 738 “
852 707 1090 773 ⁶Discipuli
1123 707 1339 762 dixerunt
1363 706 1419 754 ad
1442 706 1622 768 Jesum,
1657 707 1735 770 dic
1757 707 1905 767 nobis,
1940 710 2177 774 quodnam
2208 711 2392 775 lignum

371 784 440 831 tui
464 781 706 836 adventuS,
752 776 809 826 fs?
827 772 1407 840 confitmmationissaeculi,”
1445 788 1595 824 xxxv:
1638 790 1696 837 3:
1743 775 1867 840 apud
1913 774 2151 835 Eundem,
2189 782 2224 806 “
2261 779 2392 838 Jesus

371 850 507 906 dixit,
531 862 637 895 ecce
658 846 767 909 Ego
782 841 1022 894 vobiscum
1040 840 1141 899 sum
1155 840 1375 903 ‚omnibus
1392 839 1552 888 diebus
1569 841 1696 907 usque
1711 840 1774 890 ad
1793 843 2181 908 consummationem
2191 845 2393 909 saeculi‚’·

370 928 696 965 xxv-nuzo.
787 962 791 966 ,
1506 966 1509 970 Δ

441 978 634 1044 10‚623.
663 977 864 1032 ,visitans
890 976 1185 1040 iniquitatem
1218 985 1403 1039 patrum
1428 973 1561 1038 super
1584 968 1804 1041 filiosQ&
1845 974 1976 1042 super
2011 976 2133 1026 filios
2166 978 2400 1038 filiorum,

369 1049 497 1114 quod
517 1045 741 1110 fignificet
773 1041 1062 1108 rejectionem
1108 1042 1157 1091 &
1194 1040 1538 1091 damnationem
1579 1040 1808 1090 malorum
1850 1042 1900 1091 ὅτ.
1932 1043 2048 1092 inde
2086 1042 2298 1094 falsorum
2340 1048 2398 1095 in,

368 1117 507 1179 longa
529 1113 651 1172 serie,
684 1110 858 1167 constat
879 1124 936 1164 ex
963 1107 1294 1174 significatione
1316 1107 1509 1165 visitare,
1545 1107 1678 1172 quod
1697 1106 1753 1157 fit
1775 1105 1936 1174 ejeffio
1958 1110 2008 1158 ὅτ.
2041 1110 2275 1162 damnatio
2291 1130 2390 1163 ma·

369 1183 543 1238 lorum,
579 1180 637 1228 de
657 1194 749 1243 qua
771 1177 1002 1242 sequitur3
1036 1190 1095 1224 ex
1117 1174 1448 1242 significatione
1467 1186 1672 1238 patrum,
1709 1175 1837 1242 quod
1864 1175 1952 1228 fint
1977 1177 2111 1235 bona,
2148 1180 2198 1227 δε
2221 1181 2268 1229 in
2300 1197 2385 1246 op-

369 1249 518 1315 posito
540 1244 664 1294 sensu
690 1244 826 1301 mala,
863 1243 921 1291 de
944 1258 1036 1306 qua
1067 1258 1130 1290 n:
1158 1256 1302 1306 3703.
1345 1258 1494 1307 5902.
1541 1241 1689 1305 6050.
1735 1258 1914 1308 1o,490
1934 1266 1950 1299 ;
1984 1244 2035 1293 δε
2065 1262 2123 1293 ex
2165 1245 2390 1311 fignifica-

369 1319 494 1365 tione
517 1314 738 1368 filiorum,
774 1310 901 1375 quod
926 1309 1012 1358 fint
1034 1324 1156 1366 vera,
1191 1309 1243 1356 &
1279 1309 1328 1356 in
1350 1308 1562 1374 opposito
1603 1306 1726 1357 sensu
1756 1306 1879 1366 falsa,
1913 1309 1971 1358 de
2007 1327 2101 1376 qua
2137 1329 2200 1361 n:
2247 1331 2389 1381 1147.

373 1397 589 1446 10,49o;
626 1378 837 1427 indefilii
859 1377 1063 1431 filiorum
1086 1374 1189 1424 sunt
1208 1373 1314 1424 falsa
1344 1391 1401 1423 ex
1430 1375 1560 1423 malis
1586 1375 1632 1423 in
1667 1375 1806 1440 longa
1829 1374 1966 1425 serie:
2002 1393 2085 1443 per
2118 1377 2395 1444 ejectionem.

367 1452 418 1498 &
441 1447 780 1496 damnationem
804 1444 1030 1493 malorum
1054 1443 1103 1490 ὅτ
1129 1442 1236 1490 inde
1257 1439 1472 1490 falsorum
1495 1441 1764 1506 intelligitur
1785 1439 1945 1506 ejectio
1968 1444 2016 1492 &
2036 1444 2268 1496 damnatio
2284 1448 2387 1499 illo-

368 1532 474 1564 rum
499 1514 580 1579 qui
604 1514 650 1561 in
669 1512 799 1564 malis
825 1513 873 1560 δι
897 1510 1002 1558 inde
1024 1508 1141 1556 falsis
1164 1507 1284 1566 sunt,
1319 1525 1426 1557 nam
1457 1507 1579 1556 mala
1601 1509 1650 1557 &
1682 1507 1787 1558 falsa
1811 1524 1904 1557 non
1922 1509 2089 1560 dantur
2104 1513 2183 1561 nifi
2209 1514 2254 1563 in
2279 1515 2394 1564 sub-

358 1581 509 1647 jectis,
542 1592 651 1645 quae
679 1577 781 1629 sunt
803 1578 1027 1627 homines.
1096 1575 1345 1624 Sciendum
1369 1575 1451 1635 est,
1484 1575 1610 1640 quod
1661 1572 1766 1624 falsa
1805 1576 1911 1625 mali
1958 1578 2272 1644 intelligantur
2302 1600 2386 1648 pen

263 1673 267 1675 >
365 1651 500 1707 filios,
537 1648 644 1712 quia
664 1658 812 1711 patres
834 1659 891 1692 ex
914 1643 1096 1708 quibus,
1125 1641 1231 1690 sunt
1263 1642 1394 1691 mala.
1465 1642 1599 1708 Qid
1623 1639 1727 1691 falsa
1750 1644 1876 1700 mali,
1912 1644 1964 1692 ὅτ,
1996 1644 2103 1695 falsa
2134 1664 2231 1696 non
2254 1651 2383 1709 mali,

365 1717 574 1763 videatur
597 1714 644 1760 in
668 1713 778 1763 locis
801 1711 947 1761 citatis
970 1726 1027 1758 n:
1055 1725 1248 1772 ¹0:109·
1319 1708 1418 1772 Qui
1452 1724 1544 1757 non
1573 1707 1746 1757 sensum
1782 1709 2012 1759 internum
2048 1713 2191 1762 Verbi
2232 1718 2383 1774 novit,

366 1781 543 1831 credere
565 1778 695 1828 facile
719 1778 902 1843 poterit,
937 1777 1063 1840 quod
1087 1775 1299 1841 jehovah
1322 1775 1475 1827 visitet
1498 1776 1784 1840 iniquitatem
1810 1789 1993 1843 patrum
2026 1778 2156 1845 super
2178 1780 2297 1831 filios
2329 1785 2391 1833 δι’

365 1849 497 1914 super
519 1847 638 1895 filios
654 1845 876 1902 filiorum,
910 1843 1233 1908 consequenter
1253 1843 1380 1907 quod
1406 1842 1488 1890 filii
1507 1841 1666 1891 luituri
1689 1842 1776 1891 s1nt
1799 1843 1915 1892 mala
1949 1856 2132 1909 patrum
2157 1847 2343 1899 suorum
2364 1873 2391 1908 ς,

367 1915 440 1964 sed
465 1915 592 1980 quod
616 1912 692 1963 ille
714 1911 858 1963 sensus
886 1926 980 1960 non
1019 1911 1091 1967 fit,
1142 1909 1316 1958 constat
1346 1907 1577 1958 manifeste
1609 1925 1670 1958 ex
1692 1909 1825 1975 Lege
1847 1911 2034 1971 Divina,
2078 1914 2206 1979 quod
2230 1930 2381 1982 patres

366 1999 460 2030 non
485 1979 694 2030 morituri
727 1979 813 2027 fint
843 1990 1030 2042 propter
1053 1977 1189 2035 filios,
1228 1993 1310 2024 nec
1333 1975 1416 2023 filii
1439 1988 1627 2041 propter
1657 1989 1821 2041 patreS,
1867 1977 1943 2026 sed
1982 1980 2170 2046 quisque
2194 1997 2392 2050 propter·

365 2050 496 2097 suum
524 2046 748 2103 malum,”
781 2046 940 2094 Deut:
965 2059 1086 2092 xxxv
1107 2060 1119 2091 ε
1153 2046 1210 2092 16
1231 2065 1246 2100 ;
1288 2043 1394 2091 inde
1417 2055 1558 2108 patet,
1580 2044 1707 2107 quod
1733 2043 1859 2091 aliter
1881 2044 2172 2110 intelligenda
2195 2050 2280 2098 lint
2303 2052 2390 2101 illa,

366 2106 510 2164 verba
525 2120 666 2179 quam
689 2110 1138 2163 secundumliteram
1160 2132 1175 2166 3
1211 2110 1338 2173 quod
1354 2109 1457 2169 ,fint
1479 2108 1542 2157 illi
1566 2110 1648 2174 qui
1671 2110 1718 2158 in
1743 2111 1872 2158 malis
1897 2110 1999 2160 sunt
2022 2116 2071 2161 &
2095 2114 2204 2163 inde
2225 2117 2271 2164 in
2294 2118 2383 2166 ial-

336 2216 339 2219 r
365 2183 421 2232 fis
443 2183 582 2244 longa
599 2180 723 2244 serie,
753 2179 834 2242 qui
857 2193 940 2243 per
962 2189 1108 2242 patres
1130 2178 1182 2225 ὅτ
1211 2192 1371 2225 eorum
1395 2177 1513 2225 filios
1547 2177 1598 2224 δε
1638 2177 1755 2226 filios
1789 2177 2009 2237 filiorum,
2043 2179 2384 2244 fignificentur,

363 2248 536 2299 constat
555 2263 613 2296 ex
634 2245 757 2294 sensu
780 2247 977 2302 interno,
1011 2245 1059 2291 in
1081 2259 1178 2307 quo
1199 2256 1349 2308 patres
1364 2245 1414 2292 δε
1431 2243 1514 2291 filii
1538 2242 1656 2300 mala
1678 2245 1726 2292 δε
1746 2243 1851 2292 falsa
1867 2244 2153 2310 fignificant:
2189 2250 2247 2298 ab
2270 2253 2381 2299 An·

364 2317 496 2382 gelis,
532 2331 557 2362 a
593 2313 761 2380 quibus
783 2311 994 2360 Verbum
1018 2310 1076 2358 ab
1097 2310 1284 2359 homine
1318 2310 1488 2358 lestum
1522 2310 1660 2358 etiam
1689 2312 1958 2376 percipitur,
1996 2330 2090 2362 non
2129 2315 2252 2365 aliud
2291 2334 2376 2383 per

360 2397 510 2449 patres
531 2382 581 2429 δε
605 2397 685 2444 per
707 2379 826 2426 filios
849 2378 923 2426 hic
946 2377 1230 2440 intelligitur,
1266 2393 1373 2425 nam
1395 2378 1440 2425 in
1463 2378 1606 2434 coe'lo,
1645 2377 1725 2425 ubi
1746 2379 1938 2443 Angeli,
1985 2396 2079 2429 non
2103 2380 2239 2431 scitur
2259 2385 2383 2448 quidv

361 2462 508 2514 pater,
541 2448 593 2495 &
615 2446 728 2509 quid
754 2444 896 2499 filius,
934 2443 1050 2491 ficut
1093 2444 1216 2507 apud
1254 2443 1480 2501 homines,
1515 2459 1623 2491 nam
1659 2460 1798 2492 nemo
1840 2445 1905 2492 ibi
1932 2447 2137 2509 agnoscit
2172 2449 2373 2516 aliquem

360 2532 448 2581 pro
471 2514 550 2562 suo
572 2525 713 2576 patre,
752 2526 836 2561 nec
857 2510 1056 2574 aliquem
1078 2525 1163 2572 pro
1186 2508 1265 2556 suo
1286 2509 1401 2566 filio,
1435 2525 1529 2568 non
1549 2510 1672 2560 enim
1688 2511 1755 2573 ‚ibi
1778 2511 2019 2560 nascuntur
2034 2513 2146 2563 ficut
2162 2516 2207 2563 in
2231 2533 2378 2566 mun-⁷

362 2585 425 2630 do
451 2603 466 2637 3
501 2589 779 2644 quapropter
801 2592 910 2624 cum
936 2588 1060 2639 pater
1082 2575 1131 2623 δε
1155 2575 1275 2623 filius
1308 2577 1355 2623 in
1385 2575 1545 2624 Verbo
1567 2577 1876 2634 nominantur,
1915 2581 2175 2644 percipiunt
2199 2585 2379 2647 Angeli

362 2649 463 2696 illos
487 2646 735 2695 secundum
759 2643 1012 2691 nativitates
1036 2642 1303 2706 spirituales,
1333 2658 1442 2706 quae
1464 2641 1567 2690 sunt
1589 2642 1696 2691 boni
1719 2644 1770 2692 δε
1799 2645 1913 2702 veri,
1951 2644 2026 2694 seu
2056 2648 2162 2696 mali
2184 2650 2234 2698 ὅτ
2257 2650 2381 2709 falfi„

329 2744 331 2747 -
359 2717 412 2764 &
436 2715 539 2763 ideo
562 2729 642 2778 per
663 2724 809 2780 patres
838 2710 956 2758 bona
979 2707 1052 2756 vel
1077 2709 1218 2766 mala,
1256 2710 1306 2758 &
1335 2725 1418 2773 per
1440 2709 1578 2767 filios,
1615 2725 1724 2758 vera
1757 2711 1831 2759 vel
1862 2710 2004 2769 falsa3
2040 2715 2258 2778 quoniam
2285 2717 2370 2766 bo·

361 2797 475 2829 num
497 2780 562 2828 est
583 2791 709 2843 pater
729 2777 844 2835 veri,
878 2792 930 2824 ac
953 2776 1129 2824 malum
1143 2775 1207 2824 est
1230 2788 1359 2840 pater
1374 2774 1483 2824 falfi.
1557 2777 1702 2839 Quod
1725 2777 1920 2827 visitatio
1943 2777 2166 2844 significet
2187 2781 2369 2847 ejectio·

359 2864 464 2896 nem
489 2849 538 2895 ὅτ.
561 2843 915 2899 damnationem,
956 2841 1020 2891 est
1051 2844 1159 2905 quia
1197 2842 1274 2889 illa
1311 2841 1510 2906 sequitur
1548 2842 1987 2893 consummationem
2024 2846 2268 2906 malorum,
2315 2867 2378 2898 ac>

359 2914 578 2980 praecedit
601 2910 748 2974 ipsum
772 2909 1130 2965 damnationem,
1165 2924 1270 2972 quae
1294 2909 1341 2955 in
1370 2909 1537 2957 Verbo.
1559 2910 1828 2974 intelligitur
1866 2928 1947 2974 per
1977 2911 2194 2962 ultimum
2230 2916 2367 2975 Judi·

357 2984 482 3031 cium
504 3002 519 3035 ·,
554 2978 749 3025 vifitatio
762 2977 885 3024 enim
905 2973 1232 3039 estexploratio
1248 2974 1397 3038 qualis
1419 2975 1564 3033 homo
1585 2975 1650 3025 est
1670 2999 1685 3032 ;
1721 2977 1793 3024 sed
1811 2976 1858 3023 id
1882 2977 1936 3024 fit
1960 2979 2005 3025 in
2021 2979 2156 3028 altera
2172 2983 2282 3040 vita,
2319 2984 2376 3030 in.

355 3046 612 3112 particulari
631 3059 737 3093 cum
755 3043 1032 3106 unoquoviS,
1071 3042 1154 3106 qui
1193 3057 1218 3088 e
1254 3041 1432 3089 mundo
1469 3043 1581 3097 illuc¹
1623 3044 1765 3099 venit,
1805 3044 1856 3090 δε
1897 3045 1943 3090 in
1979 3049 2217 3095 communi
2258 3065 2377 3097 cum,

356 3115 570 3162 omnibus
595 3111 648 3159 ad
671 3110 810 3157 finem
833 3108 1069 3163 Ecclesiae,
1106 3121 1159 3155 ut
1192 3123 1304 3155 mox
1328 3107 1458 3171 supra
1480 3127 1541 3159 n:
1581 3113 1778 3166 10,622,
1807 3109 1983 3158 dietum
2008 3112 2086 3160 est.
2158 3115 2231 3162 De
2264 3116 2368 3165 visi-

355 3183 524 3230 tatione
550 3178 788 3227 videantur
809 3191 918 3240 quae
941 3193 1004 3238 nn:
1027 3175 1170 3239 6588.
1194 3175 1564 3243 6895.‚10,5o9,'
1597 3175 1786 3241 dieta&
1809 3175 1978 3226 ostensa
1994 3178 2070 3228 est.
2151 3240 2154 3243 .

366 3264 372 3289 :
406 3280 419 3290 ,
2187 3247 2393 3309 10,624..
