2840 3718
480 255 622 321 2492
1028 238 1100 302 E
1191 237 1272 304 X
1327 237 1412 330 fo
1507 238 1581 310 D
1666 231 1747 303 ⁴¹U
1827 234 1895 303 a.

476 363 765 427 ,significetur
788 363 891 410 duci
918 380 941 410 a
963 362 1100 410 semet
1125 363 1173 410 δε
1196 379 1220 409 a
1244 361 1330 410 suis
1354 361 1600 428 amoribuS,
1635 362 1685 410 ὅτ
1716 377 1807 410 non
1854 377 1880 408 a
1924 359 2164 417 Domino,
2189 358 2286 420 Qui
2315 358 2385 408 in·
2414 357 2483 409 su-

460 451 465 453 >
492 436 655 493 premo
679 430 800 477 sensu
830 430 894 476 est
920 429 1198 486 sabbathum,
1235 443 1285 477 ut
1310 446 1418 477 mox
1443 428 1572 493 supra
1610 428 1835 477 ostensum
1870 426 1960 476 est:
1998 427 2156 475 similia
2176 426 2485 490 significantur

477 513 573 558 >per
595 512 729 558 opera
766 496 837 542 die
870 494 1083 553 sabbathi,
1119 510 1172 544 ut
1208 513 1286 560 per
1326 495 1466 544 secare
1507 496 1648 559 ligna,
1683 495 1922 543 accendere
1949 494 2120 557 ignem,
2156 509 2307 556 parare
2331 492 2486 540 cibum

495 576 620 617 tunc,
658 562 870 625 colligere
913 563 1110 617 messem,
1147 564 1196 610 ὅτ
1234 579 1315 627 per
1343 564 1487 627 plura,
1523 579 1629 626 quae
1654 561 1808 610 facere
1849 561 1921 608 die
1959 559 2157 607 sabbathi
2193 559 2485 607 interdictum

492 641 584 674 erat
611 650 623 682 ;
660 643 740 690 per
781 644 888 691 quae
920 631 1055 676 etiam
1091 628 1248 676 similia
1270 629 1514 693 significata
1530 628 1654 686 sunt,
1691 645 1770 693 per
1803 629 1925 690 ligna
1958 626 2097 674 secare
2121 628 2291 689 operari
2311 626 2485 673 bonurn

492 710 517 740 a
541 693 693 750 semet,
731 711 808 758 per
833 697 985 758 ignem
1011 696 1251 743 accendere
1276 697 1322 743 id
1363 695 1504 744 facere
1542 712 1598 744 ex
1622 696 1815 760 propriis
1849 694 2095 749 amoribus,
2129 695 2179 740 &
2221 709 2301 757 per
2326 693 2484 740 cibum

490 775 642 822 parare
666 761 804 808 semet
825 762 988 809 docere
1010 778 1066 809 ex
1090 761 1380 825 intelligentia
1413 764 1592 825 propria
1615 780 1625 809 :
1663 762 1793 824 quod
1828 761 1930 808 talia
1953 760 2226 807 involverint
2261 774 2484 810 memora·
2558 782 2568 784 Δ

491 840 552 873 tae
594 827 684 874 illae
729 829 1078 883 interdictiones,
1115 844 1252 876 nemo
1285 829 1365 875 nisi
1399 844 1455 875 ex
1494 827 1616 875 sensu
1647 829 1823 875 interno
1858 826 1966 883 scire
1993 824 2157 889 potest.
2230 827 2372 874 Porro
2407 824 2486 872 sci·

489 893 679 949 endum,
715 894 841 959 quo'd
865 894 971 951 duci
996 911 1021 941 a
1043 894 1182 942 semet
1205 895 1254 943 δε
1285 895 1391 942 duci
1428 911 1455 942 a
1492 895 1717 951 Domino,
1751 893 1839 940 sint
1863 892 1959 950 duo
1982 891 2207 956 opposita,
2243 892 2323 955 qui
2361 892 2484 945 enim

491 975 517 1005 a
552 960 690 1007 semet
734 960 933 1018 ducitur,
980 961 1017 1008 is
1054 962 1237 1009 ducitur
1275 977 1300 1008 a
1338 961 1425 1008 suis
1471 961 1717 1016 amoribuS,
1755 962 1815 1008 ita
1847 958 1904 1006 ab
1938 958 2130 1014 inferno,
2167 974 2272 1006 nam
2313 958 2486 1020 proprii

489 1042 662 1074 amores
687 1026 891 1075 homines
915 1027 1017 1074 sunt
1041 1027 1143 1074 inde
1170 1050 1183 1083 ;
1230 1029 1279 1076 ὅτ
1303 1030 1384 1092 qui
1408 1028 1591 1075 ducitur
1615 1044 1639 1075 a
1659 1028 1887 1080 Domino,
1923 1027 1958 1072 is
1989 1026 2183 1085 ‘ducitur
2229 1026 2285 1071 ab
2318 1024 2485 1071 amori-

493 1093 575 1142 bus
601 1093 729 1148 coeli,
765 1095 844 1156 qui
883 1093 984 1150 sunt
1022 1110 1150 1142 amor
1191 1095 1236 1141 in
1278 1095 1537 1142 Dominum
1577 1094 1641 1142 ὅτ·
1663 1109 1791 1141 amor
1830 1107 1938 1155 erga
1979 1093 2287 1154 proximum3
2323 1092 2401 1153 qui
2427 1090 2484 1137 ab

488 1159 558 1206 his
590 1159 819 1207 amoribus
859 1160 1057 1217 ducitur,
1094 1162 1130 1207 is
1170 1160 1431 1208 subducitur
1470 1160 1526 1207 ab
1547 1160 1789 1207 ⁴amoribus
1830 1160 2060 1222 propriis;
2097 1159 2146 1205 &
2185 1159 2265 1221 qui
2300 1157 2484 1204 ducitur

488 1227 547 1272 ab
579 1227 806 1273 amoribus
851 1227 1060 1290 propriis,
1108 1227 1144 1272 is
1192 1226 1475 1274 subducitur‘
1501 1227 1557 1274 ab
1613 1226 1838 1274 amoribus
1878 1224 2028 1280 coeli„
2071 1224 2322 1271 nullatenus
2360 1224 2482 1271 enim

488 1292 800 1349 concordant;
837 1291 1034 1340 hominis
1057 1293 1180 1340 enim
1214 1293 1308 1341 vita
1330 1292 1403 1340 vel
1435 1291 1496 1340 est
1527 1293 1572 1340 in
1597 1292 1736 1350 coelo,
1760 1291 1846 1339 ‘vel
1876 1289 1939 1338 est
1979 1291 2026 1337 in
2061 1289 2254 1347 inferno,
2290 1289 2484 1337 non-da-

488 1371 562 1404 tur
596 1370 647 1404 ut
688 1358 740 1406 sit
786 1358 916 1406 simul
948 1359 998 1406 in
1032 1374 1131 1406 ‚uno
1175 1359 1223 1406 δε
1257 1360 1305 1406 in
1343 1359 1518 1415 altero;
1554 1358 1642 1407 hoc
1684 1357 1951 1421 intelligitur
1988 1371 2068 1420 per
2113 1356 2307 1404 Domini
2347 1355 2483 1403 verba

488 1424 611 1486 apud
644 1424 940 1482 Matthaeum,
977 1428 1012 1452 “
1045 1424 1205 1473 Nemo
1234 1425 1378 1488 potest
1415 1426 1593 1473 duobus
1617 1426 1833 1474 Dominis
1874 1423 2048 1479 servire,
2091 1439 2200 1471 nam
2233 1435 2309 1470 aut
2337 1429 2484 1482 unum

485 1491 597 1538 odio
623 1490 818 1547 habebit,
855 1493 904 1540 δε
942 1490 1130 1538 alterurn
1164 1491 1349 1548 amabit,
1385 1504 1461 1540 aut
1497 1493 1578 1539 uni
1611 1490 1875 1548 adhaerebit,
1910 1491 1962 1538 &
2002 1489 2193 1540 alterum
2228 1488 2486 1553 negliget,''

486 1572 569 1604 vx:
598 1572 687 1617 24:
724 1573 780 1605 ex
805 1558 870 1605 his
893 1569 1030 1620 patet,
1067 1557 1176 1622 quid
1202 1573 1282 1621 per
1298 1573 1414 1621 opus
1441 1556 1582 1606 facere
1616 1558 1689 1605 die
1728 1556 1925 1606 sabbathi
1966 1555 2257 1619 significatur.

558 1639 633 1679 10,
641 1623 702 1687 36
707 1641 749 1687 3.
776 1623 1024 1671 Moriendo
1046 1623 1280 1681 morietur,
1304 1623 1430 1685 quod
1456 1623 1677 1688 significet
1696 1623 2013 1686 separationem
2032 1637 2057 1669 a
2079 1622 2202 1671 coelo
2221 1623 2268 1669 &
2288 1633 2485 1668 mortem

487 1688 778 1751 spiritualem,
828 1689 1001 1737 constat
1045 1705 1103 1736 ex
1148 1689 1473 1753 significatione
1512 1691 1647 1747 mori,
1699 1705 1807 1737 cum
1826 1691 1897 1742 ,de
1941 1687 2182 1745 Sabbatho,
2244 1702 2323 1750 per
2357 1689 2486 1750 quod

485 1756 759 1818 significatur
782 1757 1012 1808 Dominus
1034 1771 1085 1803 ac
1108 1755 1251 1820 Ipsius
1274 1757 1462 1821 agnitio,
1498 1757 1625 1820 quod
1649 1755 1703 1804 sit
1743 1755 1868 1811 nulla
1899 1751 2160 1819 conjuncijtio
2189 1768 2298 1801 cum
2342 1754 2482 1811 coelo,

483 1822 541 1868 de
586 1838 678 1886 qua
723 1839 782 1871 n:
813 1824 968 1886 9928.
1011 1839 1206 1884 10‚244,
1242 1824 1304 1871 ita
1324 1823 1554 1887 separatio
1594 1822 1650 1882 ab
1689 1822 1804 1879 illo;
1852 1822 1902 1871 &
1940 1820 2152 1885 separatio
2193 1837 2218 1868 a
2259 1819 2382 1866 coelo
2420 1820 2486 1869 est

484 1904 608 1936 mors
632 1889 880 1952 spiritualis
2294 1941 2297 1944 ,

557 1955 746 2018 10,364.
784 1955 951 2004 Omnis
973 1954 1136 2006 faciens
1159 1956 1204 2005 in
1229 1956 1308 2005 illo
1338 1957 1411 2006 die
1436 1972 1569 2020 opus,
1605 1955 1733 2020 quod
1754 1954 1980 2019 :significet
2003 1953 2080 2018 qui
2104 1953 2160 2002 ad
2187 1968 2359 2001 amores
2383 1956 2483 2001 'cor-

487 2036 648 2084 poreos
666 2022 715 2070 &
743 2022 994 2070 mundanos
1018 2023 1074 2070 ab
1091 2023 1326 2072 ‘amoribus
1349 2023 1611 2071 coelestibus
1634 2022 1675 2071 se
1698 2023 1938 2080 convertit,
1986 2020 2158 2078 Constat
2181 2036 2238 2069 ex
2268 2019 2352 2070 illis
2375 2034 2483 2084 quae

486 2103 598 2136 mox
621 2087 750 2152 supra
774 2106 834 2136 n:
879 2090 1072 2151 1o,361‚
1108 2089 1277 2139 ostensa
1299 2090 1414 2138 sunt.
1733 2091 1735 2094 ’

556 2170 631 2212 10,
640 2156 746 2219 365.
784 2155 849 2204 Et
884 2155 1173 2205 exscindetur
1202 2159 1350 2205 anima
1379 2158 1452 2206 illa
1476 2173 1500 2206 e
1525 2156 1678 2205 medio
1701 2157 1979 2221 populorum
2005 2153 2206 2212 suorum,
2243 2153 2370 2218 quod
2393 2154 2482 2218 sig-

485 2221 639 2268 nificet
673 2222 799 2284 quod
839 2222 1031 2280 coelum,
1078 2225 1127 2271 δε
1164 2223 1360 2271 Ecclesia
1387 2241 1478 2271 non
1519 2223 1573 2271 sit
1617 2224 1742 2285 apud
1786 2223 1916 2271 illum
1962 2222 2037 2270 sed
2074 2220 2320 2276 infernum,
2368 2235 2480 2268 con-

484 2287 566 2335 stat
599 2303 655 2334 ex
678 2287 1000 2350 significat-ione
1037 2289 1233 2336 exscindi
1278 2306 1302 2336 e
1343 2289 1497 2336 medio
1536 2289 1814 2350 populorum
1859 2288 2060 2343 suorum,
2095 2286 2222 2349 quod
2266 2285 2318 2332 sit
2354 2284 2478 2349 sepa-

484 2354 598 2400 ratio
634 2353 689 2400 ab
723 2353 937 2410 Ecclesia,
972 2355 1021 2402 ὅτ
1060 2370 1182 2403 mors
1223 2354 1474 2418 spiritualis,
1510 2355 1568 2401 de
1591 2369 1680 2417 qua
1704 2370 1761 2401 n:
1795 2355 1967 2411 10‚288
1999 2374 2013 2408 ;
2050 2353 2110 2400 ita
2133 2351 2259 2414 quod
2284 2351 2481 2399 Ecclesia

483 2435 577 2467 non
601 2418 654 2467 sit
677 2420 797 2483 apud
822 2420 970 2477 illum,
1007 2419 1082 2468 sed
1105 2419 1330 2469 infernum
1356 2443 1371 2476 ·,
1406 2423 1455 2469 δι
1484 2422 1701 2483 quoniam
1745 2435 1853 2467 cum
1900 2418 2099 2466 Ecclesia
2131 2433 2221 2464 non
2261 2416 2326 2464 est
2358 2418 2480 2482 apud

481 2486 733 2543 hominem,
768 2502 850 2534 nec
873 2488 1049 2534 coelum
1074 2487 1303 2551 esttapud
1327 2487 1476 2543 illum,
1512 2502 1617 2534 narn
1646 2486 1842 2533 Ecclesia
1861 2486 1911 2533 &
1933 2484 2110 2546 coelum
2134 2499 2277 2531 unum
2302 2497 2482 2547 agunt3

483 2553 605 2615 apud
630 2554 862 2601 hominem
886 2553 1010 2602 enim
1033 2554 1079 2602 in
1103 2569 1197 2618 quo
1219 2553 1282 2600 est
1304 2553 1518 2611 Ecclesia,
1554 2553 1704 2601 influit
1735 2552 1930 2609 coelum,
1962 2551 2049 2598 hoc
2072 2550 2153 2608 est,
2189 2565 2269 2612 per
2304 2550 2486 2600 coelum*

485 2620 735 2676 Dominus,
771 2618 944 2667 &facit
967 2616 1033 2666 ibi
1055 2620 1332 2668 Ecclesiam:
1369 2620 1473 2668 inde
1496 2614 1590 2677 est,
1612 2635 1720 2666 cum
1746 2635 1836 2667 non
1860 2617 2056 2666 Ecclesia
2077 2617 2139 2664 est
2171 2617 2294 2680 apud
2329 2617 2480 2665 homi·
2556 2673 2565 2679 ⁴

461 2681 609 2741 nem,
644 2684 707 2732 est
729 2684 955 2732 infernum
977 2687 1098 2748 apud
1123 2686 1285 2734 illum:
1323 2686 1409 2734 hoc
1429 2687 1577 2749 itaque
1600 2685 1875 2748 significatur
1914 2699 1993 2747 per
2027 2682 2226 2731 exscindi
2263 2699 2287 2730 e
2326 2683 2481 2741 medio

485 2750 768 2814 populorum
791 2749 988 2798 suorum.
2231 2750 2233 2752 ’

560 2832 634 2874 10,
641 2815 750 2881 366.
787 2817 876 2864 Sex
898 2817 1055 2864 diebus
1078 2817 1157 2864 fiet
1182 2832 1314 2881 opus,
1349 2816 1477 2880 quod
1508 2816 1729 2880 significet
1752 2816 1916 2864 statum
1943 2817 2022 2881 qui
2048 2815 2263 2879 praecedit
2285 2816 2336 2864 ὅτ
2358 2831 2478 2881 prae-

486 2896 610 2948 parat
635 2884 688 2931 ad
714 2881 983 2947 conjugium
1013 2883 1209 2939 coeleste,
1245 2883 1502 2931 constat'ex
1536 2882 1861 2947 significatione.
1905 2882 1981 2931 sex
2020 2884 2198 2931 dierum
2243 2884 2325 2947 qui
2358 2898 2476 2947 prae-

485 2951 653 2998 cedunt
682 2949 962 3007 sabbathum,
997 2949 1123 3013 quod
1157 2949 1211 2996 sit
1242 2950 1375 2998 status
1409 2950 1489 3014 qui
1523 2950 1743 3013 praecedit
1778 2951 1828 2999 δε
1869 2963 2087 3015 praeparat
2130 2950 2184 2998 ad
2209 2946 2478 3012 conjugium

486 3016 682 3072 coeleste,
720 3017 777 3063 de
814 3032 904 3080 qua
938 3033 998 3065 n:
1038 3019 1179 3079 8510.
1218 3019 1359 3065 8888.
1387 3034 1548 3081 9431;
1583 3015 1853 3080 conjugium
1888 3017 2068 3064 coeleste
2105 3016 2169 3064 est
2209 3013 2474 3077 conjunctio

488 3083 667 3130 boni&
688 3086 784 3130 veri
807 3083 928 3146 apud
952 3083 1185 3131 hominem
1211 3083 1423 3131 Ecclesiae
1454 3086 1503 3130 &
1528 3084 1741 3146 angelum
1769 3082 1912 3141 Coeli,
1949 3088 1999 3131 'ac
2034 3084 2078 3130 in
2108 3082 2319 3144 supremo
2343 3079 2466 3128 sensu

486 3150 595 3196 unio
629 3149 770 3213 Ipsius
805 3150 963 3197 Divini
1005 3151 1051 3196 in
1089 3149 1313 3198 Humano
1336 3149 1545 3206 Domini,
1580 3149 1861 3201 videaturn:
1889 3150 2104 3216 10,.356·,
2128 3147 2188 3196 -&
2211 3146 2336 3211 quod
2354 3162 2471 3209 opus

468 3214 546 3266 sex
569 3215 745 3267 dierum
771 3215 823 3266 sit
841 3215 1271 3284 statusbpraecedenS,
1301 3232 1369 3266 n:
1402 3216 1595 3277 1o‚36.o.
2392 3269 2443 3326 6.

2215 3335 2218 3339 „
2274 3294 2383 3346 1023
2419 3294 2469 3344 70
