2840 3718
501 272 628 336 228
767 271 1140 340 E
1234 267 1313 335 X
1403 268 1457 332 O
1551 228 1975 333 D-UVSO·

491 391 717 450 Divinum
740 390 914 440 Verum
952 390 1072 445 inde,
1113 390 1302 439 Aharon
1342 391 1600 440 Dominum
1640 391 1790 454 quoad
1823 392 2055 440 Divinum
2079 393 2278 451 Bonum,
2324 395 2374 444 ὅτ
2413 395 2496 446 filii

489 455 586 520 ejus
619 459 768 522 quoad
795 459 1020 505 Divinum
1037 457 1214 505 Verum
1253 458 1375 515 inde,
1409 475 1460 505 ac
1496 460 1542 504 in
1568 474 1729 521 genere
1766 470 1817 505 ut
1841 456 2136 506 sacerdotium
2169 461 2499 524 repraesentaret

491 525 753 572 Dominum
796 524 948 587 quoad
985 539 1124 572 omne
1165 539 1281 587 opus
1321 525 1609 580 salvationis,
1671 524 1822 588 quoad
1861 538 2140 588 ungerentur
2189 527 2235 573 in
2287 527 2502 588 vestibus,

490 590 629 637 Exod
647 608 658 637 ι
675 605 794 645 xxm
814 607 825 636 ε
849 607 928 653 -29,
967 602 1060 638 erat
1082 591 1187 653 quia
1209 590 1350 638 vestes
1378 590 1600 638 Aharonis
1632 589 2003 654 repraesentabant
2026 592 2247 655 Regnum
2279 593 2502 656 spirituale

492 656 690 702 Domini
715 654 982 717 ,adjundtum
1018 657 1186 719 Regno
1219 657 1390 705 coelesti
1427 657 1589 721 Ipfius,
1630 659 1852 721 Regnum
1888 657 2068 705 coeleste
2103 657 2166 705 est
2203 658 2282 706 ubi
2317 662 2502 709 Bonum

491 722 656 768 amoris
691 722 738 769 in
761 723 1021 771 Dominum
1053 738 1078 770 a
1101 723 1309 771 Domino
1338 735 1512 787 regnat,
1549 724 1609 771 ita
1642 725 1841 771 influxus
1878 725 2039 771 Divini
2073 725 2120 771 in
2157 726 2376 788 Regnum
2415 727 2503 790 spi·

491 788 650 835 rituale
687 788 740 835 fit
778 805 860 852 per
897 789 1071 837 bonum
1104 791 1305 845 amoris;
1365 791 1470 838 ideo
1508 791 1791 852 inauguratio
1829 789 1887 836 ad
1922 789 2331 852 repraesentandum
2369 793 2503 843 fiebat

490 869 572 917 per
594 854 766 911 oleum,
806 855 932 918 quod
969 857 1016 903 in
1039 854 1160 902 sensu
1184 855 1398 920 spirituali
1430 855 1495 904 est
1527 856 1700 903 bonum
1735 855 1932 904 amoris:
1972 856 2098 920 quod
2121 857 2309 905 Aharon
2339 874 2504 923 reprae-

493 919 711 969 sentarent
749 921 1009 969 Dominum
1040 922 1194 985 quoad
1232 923 1457 971 Divinum
1486 924 1687 979 Bonum,
1727 923 1933 970 videatur
1971 924 2216 983 nz9806:
2266 926 2392 987 quod
2421 926 2505 975 fili-i

491 988 586 1049 ejus
611 986 1019 1052 repraesentaverint
1041 989 1301 1036 Dominum
1335 989 1486 1052 quoad
1516 990 1744 1037 Divinum
1767 989 1944 1036 Verum
1967 1004 2024 1035 ex
2045 989 2221 1037 Divino
2244 991 2376 1038 Bono
2399 1008 2506 1055 pro-

493 1052 671 1111 cedens,
709 1070 770 1101 n:
793 1057 955 1120 9807·,
1009 1055 1138 1119 quod
1181 1055 1479 1103 sacerdotium
1514 1057 1570 1103 -in
1615 1071 1776 1119 genere
1821 1053 2200 1119 repraesentaverit
2246 1058 2505 1107 Dominum

492 1123 647 1181 quoad
670 1135 806 1170 omne
828 1137 945 1184 opus
969 1121 1235 1178 salvationis,
1276 1139 1306 1169 n
1326 1142 1338 1171 ε
1357 1125 1521 1187 9809·,
1567 1122 1695 1185 quod
1731 1120 1871 1168 vestes
1896 1120 2121 1169 Aharonis
2161 1123 2504 1186 repraesentave-

492 1186 584 1233 rint
607 1188 826 1250 Regnum
851 1187 1076 1250 spirituale
1099 1188 1292 1235 Domini
1331 1186 1599 1251 adjundium
1630 1189 1798 1251 Regno
1837 1187 2007 1234 c'oelesti
2046 1188 2205 1251 Ipfius,
2253 1205 2284 1237 n
2305 1208 2315 1238 :
2337 1196 2502 1255 98.14;

491 1253 619 1314 quod
643 1254 783 1301 vestes
813 1253 1014 1301 filiorum
1047 1252 1142 1317 ejus
1176 1253 1585 1317 repraesentaverint
1619 1253 1692 1300 illa
1715 1268 1820 1317 quae
1845 1253 1951 1299 inde
1972 1254 2244 1316 procedunt,
2279 1272 2307 1302 n
2328 1274 2338 1303 :
2359 1260 2504 1320 9946.

491 1333 662 1382 99503
703 1320 833 1383 quod
866 1320 914 1366 in
947 1319 1119 1368 coelesti
1154 1321 1322 1383 Regno
1361 1322 1544 1367 Bonum
1578 1321 1743 1367 amoris
1779 1323 1825 1366 in
1849 1319 2126 1369 VDominum
2167 1334 2338 1384 regnet,
2378 1325 2507 1376 citata

492 1398 522 1429 n
541 1402 551 1431 :
570 1402 714 1450 9277.
784 1386 910 1446 Quia
932 1387 1215 1450 inauguratio
1246 1387 1302 1433 ad
1335 1386 1742 1450 repraesentandum
1767 1385 1902 1433 fiebat
1927 1401 2006 1448 per
2029 1386 2326 1444 UnCtionem,
2351 1389 2400 1435 &
2426 1406 2507 1453 per

493 1451 759 1500 Aharonem
792 1453 842 1500 ὅτ,
880 1451 998 1501 filios
1038 1451 1134 1517 ejus
1169 1452 1562 1516 repraesentabatur
1596 1453 1844 1508 Dominus,
1888 1452 1937 1499 ὅτ
1978 1454 2104 1515 quod
2143 1452 2198 1500 ab
2233 1453 2350 1516 Ipso,
2405 1457 2508 1505 ideo

493 1518 698 1566 Aharoni
731 1520 776 1566 δι
804 1519 907 1566 filiis
935 1518 1030 1582 ejus
1059 1518 1282 1566 dabantur
1313 1518 1458 1566 saneta
1498 1519 1698 1566 filiorum
1723 1517 1906 1574 Israelis,
1947 1534 2060 1581 quae-
2088 1532 2210 1566 erant
2248 1521 2367 1567 dona
2402 1522 2505 1570 data

493 1583 685 1643 Jehovae
723 1585 774 1632 &
812 1586 1092 1634 vocabantur
1130 1585 1413 1642 sublationes,
1465 1586 1520 1634 &
1561 1586 1728 1633 dicitur
1764 1585 1892 1649 quod
1932 1583 2017 1630 fint
2060 1586 2230 1642 unctio,
2277 1599 2379 1633 tum
2419 1603 2506 1651 pro

492 1651 719 1708 unfitione,
761 1652 848 1700 hoc
871 1652 951 1709 est,
993 1651 1123 1716 quod
1161 1653 1248 1699 sint
1280 1650 1612 1716 repraesentatio
1650 1651 1722 1698 seu
1763 1666 1848 1714 pro
1886 1649 2268 1713 repraesentatione
2291 1654 2502 1709 Domini,

492 1718 543 1766 &
579 1718 706 1781 quod
744 1717 801 1765 ab
835 1718 956 1782 Ipso,
997 1732 1051 1767 ut
1085 1717 1257 1766 constat
1292 1718 1350 1765 ab
1381 1718 1451 1766 his
1490 1718 1611 1782 apud
1637 1715 1876 1773 Moschen,
1927 1722 1960 1743 “
1984 1718 2150 1764 Festus
2189 1720 2502 1779 motitationis,

493 1786 544 1830 ὅτ
566 1800 746 1835 armum
785 1783 1043 1832 sublationis
1083 1786 1235 1848 accepi
1269 1801 1296 1832 a
1332 1800 1439 1832 cum
1480 1785 1583 1832 filiis
1621 1782 1787 1831 Israelis
1827 1784 1885 1830 de
1924 1782 2147 1831 sacrificus
2186 1786 2502 1848 pacificorum,

490 1850 588 1898 dedi
619 1867 668 1897 ea
691 1851 889 1898 Aharoni
922 1851 977 1907 &²
997 1851 1106 1909 filiis
1141 1852 1263 1914 qun
1306 1851 1398 1898 haec
1433 1853 1573 1898 undio
1596 1850 1814 1898 Aharonis
1847 1849 1903 1898 ἑά
1927 1851 2067 1897 ιιηὲῑὶο
2090 1849 2282 1909 filiorum
2326 1854 2414 1915 q'us
2446 1853 2504 1900 de

491 1918 648 1979 ignitis
671 1916 883 1978 Jehovae,
918 1933 1023 1981 quae
1059 1918 1276 1981 praecepiv
1297 1916 1402 1965 dare
1439 1918 1543 1973 illis,
1582 1932 1678 1980 quo
1723 1916 1796 1963 die
1835 1927 2015 1963 unxerat
2059 1916 2152 1964 illos
2188 1933 2214 1963 a
2253 1933 2362 1965 cum
2397 1918 2504 1967 filiis

492 1982 709 2040 Israelis,'’
761 1983 1162 2048 Levitzvns34.
1191 1982 1276 2047 35(
1297 1984 1390 2046 36:
1437 1984 1488 2032 ὅτ,
1526 1982 1631 2030 alibi
1671 1982 1792 2046 apud
1831 1982 2066 2039 Eundem,
2103 1987 2138 2009 “
2161 1983 2408 2047 Loquutus
2441 1985 2504 2032 est

492 2048 700 2110 Jehovah
734 2049 791 2096 ad
818 2049 1098 2106 Aharonem,
1139 2066 1242 2098 ecce
1266 2050 1371 2097 dedi
1396 2050 1478 2098 tibi
1501 2048 1755 2103 custodiam
1783 2048 2073 2112 sublationum
2110 2065 2313 2107 mearum,
2353 2051 2503 2114 quoad
2552 2072 2563 2081 -

493 2117 648 2163 omnia
687 2114 828 2162 saneta
864 2115 1064 2166 filiorum
1091 2115 1273 2173 Israelis,
1309 2117 1391 2164 tibi
1417 2117 1512 2165 dedi
1545 2133 1595 2164 ea
1624 2127 1702 2178 pro
1726 2117 1932 2172 unHione,
1969 2117 2018 2163 ὅτ
2041 2114 2152 2174 filiis
2190 2118 2293 2173 tuis,
2339 2118 2384 2163 in
2419 2117 2504 2165 sta-

491 2194 647 2229 tutum
684 2183 978 2238 aeternitatis;
1036 2198 1174 2230 omne
1213 2198 1380 2230 munus
1418 2199 1596 2239 eorum,
1640 2181 1793 2245 quoad
1830 2197 2016 2228 ornnem
2060 2181 2290 2229 rnincham
2326 2199 2503 2240 eorum,

493 2248 648 2310 quoad
682 2264 819 2294 omne
855 2249 1117 2302 sacrificium
1153 2249 1325 2311 peccati
1359 2251 1408 2296 &
1436 2252 1608 2304 reatus,
1648 2260 1834 2294 ornnem
1867 2248 2158 2308 agitationem
2200 2247 2401 2295 filiorum
2441 2249 2502 2296 Is·

492 2314 637 2370 raelis,
677 2328 863 2371 ornnem
888 2314 1068 2377 adipem
1093 2314 1179 2360 olei
1211 2315 1332 2377 puri,
1364 2315 1414 2361 &
1437 2328 1626 2361 omnem
1665 2313 1845 2376 adipem
1882 2311 2018 2359 musti
2054 2316 2102 2361 δε
2133 2311 2367 2370 frumenti,
2410 2316 2501 2377 pri-

495 2380 644 2426 mitias
678 2394 836 2426 eorum
876 2395 987 2442 quas
1027 2379 1199 2435 dabunt
1222 2381 1432 2440 jehovae,
1469 2379 1551 2426 tibi
1591 2379 1696 2426 dedi
1736 2395 1837 2435 eas3
1883 2390 1983 2425 tum
2020 2394 2156 2425 omne
2195 2379 2419 2427 devotum
2454 2382 2502 2439 in

492 2445 661 2502 Israele,
700 2461 885 2492 omnem
923 2459 1175 2507 aperturam
1214 2447 1344 2502 uteri,
1382 2448 1449 2492 ita
1485 2460 1640 2493 omnem
1667 2446 1946 2508 sublationem
1973 2445 2233 2506 sanbiorum.
2303 2446 2356 2492 In
2390 2458 2503 2501 terra

492 2527 650 2559 eorum
677 2528 767 2558 non
792 2511 970 2558 habebis
1002 2512 1327 2568 haereditatem,
1371 2528 1451 2559 nec
1475 2527 1574 2575 pars
1599 2511 1680 2558 tibi
1704 2513 1788 2558 erit
1812 2511 1857 2556 in
1883 2511 2037 2557 medio
2059 2505 2236 2567 ebrum,
2288 2513 2376 2573 Ego
2392 2523 2501 2574 pars

493 2589 569 2624 tua
602 2577 656 2625 59³
681 2578 904 2624 haereditas
939 2588 1017 2624 tua
1060 2580 1105 2624 in
1139 2578 1268 2625 medio
1298 2577 1490 2636 filiorum
1533 2578 1747 2641 Israelis,'’
1790 2577 2113 2628 Num2xvln:
2144 2579 2168 2623 8
2207 2577 2261 2624 ad
2301 2594 2394 2633 203
2440 2595 2499 2625 ex

493 2644 561 2690 his
597 2655 734 2705 patet,
770 2643 895 2706 quod
930 2645 1085 2690 unffiiio
1118 2644 1172 2690 s1t
1205 2643 1548 2707 repraesentatio,
1589 2645 1805 2707 quoniam
1841 2657 1920 2705 per
1942 2642 2222 2691 Unfflonem
2265 2645 2503 2707 inaugura·

495 2710 654 2755 bantur
704 2709 760 2755 ad
800 2708 1225 2771 repraesentandum,
1272 2711 1320 2756 δε
1365 2710 1489 2771 quod
1529 2725 1608 2771 per
1647 2710 1692 2756 id
1733 2708 2036 2771 significatum
2076 2708 2146 2764 fit,
2190 2711 2316 2772 quod
2353 2713 2501 2757 omnis

495 2776 779 2837 inauguratio
803 2775 849 2820 in
875 2773 1076 2820 sanfium
1104 2775 1224 2821 Coeli
1263 2776 1314 2822 &
1339 2775 1551 2822 Ecclefiae
1574 2774 1628 2821 fit
1663 2790 1746 2838 per
1786 2775 1958 2821 bonum
1994 2776 2160 2822 amoris
2198 2776 2323 2838 quod
2358 2793 2383 2823 a
2404 2778 2502 2825 Do·

495 2841 640 2896 mino,
686 2841 736 2887 ὅτ
758 2839 883 2902 quod
911 2841 1084 2887 bonum
1119 2841 1283 2888 amoris
1318 2841 1371 2887 s1t
1395 2842 1624 2887 Dominus
1660 2840 1780 2904 apud
1806 2841 1932 2906 illos,
1973 2841 2078 2904 quia
2113 2842 2175 2887 ita
2202 2842 2281 2898 est,
2317 2842 2499 2900 dicitur,

493 2902 618 2970 quod
641 2905 846 2966 Jehovah
886 2906 940 2953 fit
978 2922 1078 2969 pars
1101 2907 1149 2953 δε
1174 2906 1410 2953 haereditas
1443 2905 1551 2970 ejus.
1623 2906 1974 2971 Quinto„quod
2007 2910 2203 2954 unxerint
2241 2910 2367 2955 etiam
2392 2919 2499 2968 pro-

490 2973 662 3034 phetas,
699 2971 869 3019 constat
902 2987 959 3019 ex
994 2972 1140 3019 Libro
1180 2988 1197 3019 1
1228 2974 1434 3036 Regum,
1477 2979 1510 2999 “
1534 2973 1666 3020 Dixit
1690 2972 1893 3033 Jehovah
1939 2973 1995 3019 ad
2030 2972 2199 3030 Eliam,
2247 2989 2353 3035 unge
2384 2974 2502 3021 Cha·

483 3038 640 3101 faelem
672 3040 716 3085 in
740 3040 895 3099 Regem
909 3038 1040 3100 super
1064 3042 1199 3100 Syros,
1237 3040 1284 3086 &
1309 3039 1429 3101 Jehu
1451 3055 1557 3101 unge
1578 3042 1623 3086 in
1645 3041 1803 3101 Regem
1822 3041 1955 3101 super
1978 3039 2187 3101 Israelem,
2212 3039 2260 3085 &
2284 3039 2502 3100 Elischczm

486 3116 604 3167 unge
638 3106 683 3150 in
708 3104 972 3163 Prophetam·
995 3117 1079 3165 pro
1109 3105 1200 3162 te,''
1250 3119 1367 3151 mx:
1401 3123 1473 3167 15.
1508 3106 1591 3153 16:
1649 3107 1697 3152 δε
1736 3105 1858 3168 apud
1894 3103 2086 3160 Esaiam,
2128 3110 2161 3132 ‘⁶
2185 3105 2377 3166 Spiritus
2401 3106 2501 3153 Do-

494 3172 607 3218 mini
631 3169 825 3230 Jehovih
850 3169 978 3232 super
1003 3187 1094 3226 me,
1128 3171 1216 3218 ideo
1240 3174 1362 3217 unxit
1384 3172 1589 3234 Jehovah
1613 3188 1674 3218 me
1697 3172 1751 3217 ad
1776 3169 2181 3234 evangelizandum
2208 3170 2498 3233 pauperibus,

496 3235 616 3284 misit
646 3252 721 3286 me
756 3236 812 3284 ad
835 3235 1132 3300 obligandum
1161 3236 1323 3287 f1a6tos
1357 3237 1512 3295 corde,
1538 3237 1591 3285 acl
1615 3236 1957 3301 praedicandum
1982 3236 2173 3299 captivis
2196 3235 2499 3294 libertatem?

2372 3319 2452 3352 Lxx
2478 3321 2490 3350 z
