2840 3718
522 188 835 263 CAPUT
882 186 1504 257 TRIGESIMUM
1552 164 2058 281 Q'JAR'TUM.
2203 201 2334 267 611

339 313 543 364 sustineat
574 312 694 363 mala
732 311 946 369 hominis,
969 313 1266 378 *longanimis
1299 316 1421 363 enirn
1456 314 1520 362 est
1558 315 1638 363 diu
1679 314 1885 364 sustinere
1926 315 1975 364 &
2011 312 2140 373 ferre,
2176 318 2225 366 δε
2260 320 2340 365 irae

337 383 442 431 sunt
471 381 589 430 mala
623 377 747 445 apud
780 379 1047 429 hominem:
1091 381 1216 444 q‘uod
1253 383 1347 438 irae,
1384 398 1492 430 curn
1526 382 1741 429 dicuntur
1763 383 1820 435 de
1842 382 2067 445 Jehovah,
2108 384 2193 432 fint
2229 386 2344 433 mala

335 448 460 513 apud
495 447 750 504 homnem,
798 445 867 494 est
901 448 1008 510 quia
1041 447 1214 495 malum
1250 449 1462 506 irascitur,
1501 450 1554 496 ’ὅτ
1593 449 1812 512 nusquam
1852 451 2043 506 bonurn,
2084 450 2135 497 &
2169 451 2344 499 malum·

338 515 404 563 est
436 514 563 580 apud
586 513 842 569 hominem,
883 514 932 561 &
957 513 1178 577 nusquam
1213 516 1336 578 apud
1359 515 1636 573 Dominum,
1672 514 1904 564 Dominus
1939 518 2063 564 enim
2102 515 2166 564 est
2187 517 2343 582 Ipsum

340 583 562 637 Bonum;
608 578 684 626 sed
722 577 863 642 usque
902 579 1116 633 tribuitur
1152 582 1377 638 Domino,
1416 583 1522 646 quia
1558 584 1619 629 ita
1658 595 1842 647 apparet
1875 584 2067 640 homini,
2108 599 2215 631 cum
2253 600 2346 633 non

336 647 513 696 obtinet
531 645 661 711 quod
675 645 832 709 cupit,
870 645 922 694 δε
955 660 1065 693 cum
1100 660 1290 711 propter
1311 647 1483 714 malum
1507 649 1725 712 punitur:
1766 649 1872 712 quia
1906 665 2027 696 nunc
2065 650 2346 714 longanimis

337 714 397 761 ad
419 715 523 770 iraS,
562 727 673 760 curn
706 711 765 760 de
788 712 1018 773 Jehovah,
1050 712 1114 760 est
1133 714 1214 761 diu
1238 713 1447 762 sustinere
1472 715 1590 762 mala
1622 716 1742 779 apud
1769 715 2020 772 hominem,
2062 716 2168 764 inde
2198 716 2345 780 sequi.-

325 791 414 828 ‘tur
444 778 572 845 quod
594 778 810 844 perillud
843 779 1120 843 significetur
1141 781 1311 828 Divina
1333 782 1599 829 Clementia.
1671 782 1817 842 Quod
1852 784 1964 829 iram
2000 783 2172 839 attinet,
2209 799 2346 847 porro

338 847 573 895 sciendum
592 844 689 902 ·est,
729 845 858 909 quod
899 845 1072 894 malum
1107 845 1331 905 irascatur,
1379 849 1428 896 δε
1462 848 1684 913 nusquam
1731 849 1922 906 bonum,
1964 849 2084 896 irasci
2118 852 2241 896 enim
2280 849 2349 897 est·

334 913 456 961 velle
487 912 667 960 alterius
690 912 881 969 malum,
923 912 1012 961 hoc
1051 912 1225 963 bonum
1259 916 1432 978 nequit,
1473 931 1579 962 nam
1606 915 1781 964 bonum
1815 915 1879 963 est
1902 915 2018 963 velle
2051 916 2227 963 alterius
2263 916 2346 964 bo-

339 995 454 1027 num
475 1001 492 1035 ;
537 994 676 1027 omne
709 978 882 1026 malum
919 979 966 1026 in
1001 978 1044 1027 se
1081 979 1216 1028 habet
1248 981 1551 1038 inimicitiam,
1586 982 1766 1038 odium,
1812 982 2081 1039 vindiciam,
2128 983 2179 1030 δε
2219 981 2351 1030 saevi·

336 1047 468 1102 tiam,
509 1045 557 1092 in
592 1044 661 1091 his
684 1044 733 1092 &
774 1059 831 1092 ex
865 1045 934 1092 his
970 1045 1142 1093 malum
1167 1045 1300 1095 habet
1333 1046 1464 1094 suum
1492 1045 1792 1110 jucundunu
1833 1048 1883 1095 &
1919 1061 2132 1111 praeterea
2171 1050 2347 1096 malum

338 1112 439 1161 odit
463 1111 656 1167 bonum,
693 1109 799 1174 quia
832 1110 920 1159 hoc
955 1109 1051 1172 ejus
1071 1110 1290 1176 jucundis
1325 1113 1390 1161 est
1426 1114 1706 1178 oppositum,
1746 1114 1853 1162 inde
1893 1130 2000 1161 cum
2042 1115 2214 1161 malurn
2254 1131 2348 1163 non

332 1177 485 1244 potest
507 1177 676 1225 laedere
698 1176 894 1234 bonum,
929 1178 1093 1227 laedere
1116 1179 1291 1227 bonum
1313 1180 1490 1244 semper
1514 1181 1561 1228 in
1583 1193 1748 1228 conatu
1772 1180 1878 1227 mali
1902 1180 1981 1237 est,
2009 1193 2121 1228 tunc
2142 1182 2347 1244 primum

337 1245 618 1309 indignatur,
660 1242 813 1307 postea
842 1243 1071 1293 irascitur:
1115 1245 1207 1293 five
1239 1246 1360 1294 dicas
1384 1246 1575 1303 malum,
1610 1246 1701 1294 five
1723 1246 1958 1295 hominem
1993 1248 2185 1304 malum,
2222 1248 2349 1297 idern

338 1310 420 1368 est,
457 1326 564 1359 nam
590 1310 764 1358 malum
788 1309 852 1357 est
886 1311 931 1358 in
955 1310 1159 1371 homine,
1195 1325 1247 1360 ut
1269 1315 1318 1360 in
1351 1313 1433 1360 suo
1469 1311 1698 1377 subjecto:
1738 1314 1787 1360 δι
1812 1315 1919 1376 quia
1954 1313 2126 1360 malum
2166 1314 2250 1361 tale
2283 1314 2351 1362 est

329 1389 500 1426 -contra
522 1377 713 1434 bonum,
753 1376 858 1425 ideo
880 1376 966 1425 tale
987 1377 1053 1424 est
1087 1390 1242 1427 contra
1264 1379 1512 1436 Divinum,
1549 1395 1655 1427 narn
1678 1395 1815 1428 omne
1840 1380 2013 1428 bonum
2035 1379 2098 1427 est
2119 1381 2348 1429 Divinum

331 1444 464 1509 apud
496 1444 749 1500 hominem,
799 1443 907 1507 quia
942 1442 1007 1491 est
1050 1461 1078 1493 a
1110 1445 1313 1493 Divino:
1374 1445 1482 1493 inde
1519 1445 1600 1503 est,
1640 1445 1768 1509 quod
1812 1446 1954 1493 homo
1994 1447 2137 1493 malus
2176 1446 2350 1512 semper

339 1510 549 1559 irascatur
571 1522 726 1558 contra
747 1510 993 1568 Divinum,
1017 1511 1192 1559 tametsi
1216 1511 1340 1559 aliter
1363 1513 1411 1559 in
1432 1512 1628 1561 externis
1650 1527 1805 1560 coram
1829 1511 2090 1560 hominibus
2115 1513 2348 1576 loquitur;

331 1608 334 1609 ν
373 1577 469 1627 uod
500 1576 627 1626 aliter
648 1575 975 1640 loqueum-est
995 1577 1069 1624 vel
1091 1593 1148 1625 ex
1171 1578 1412 1641 hypocrisi,
1453 1578 1529 1626 vel
1552 1594 1609 1627 ex
1628 1595 1701 1637 eo,
1741 1579 1870 1643 quod
1894 1579 2007 1627 velit
2044 1591 2105 1636 ut,
2119 1580 2348 1629 Divinum

332 1594 488 1693 {vat
520 1645 563 1692 ei
596 1643 643 1690 in
676 1642 909 1700 omnibus,
947 1642 1101 1692 dando
1133 1645 1444 1709 quodcunque
1471 1645 1616 1702 lubet,
1662 1644 1803 1710 usque
1842 1658 1894 1693 ut
1915 1647 2052 1694 etiam
2089 1659 2276 1711 propter
2306 1646 2350 1696 se

337 1710 544 1758 vindicet
577 1708 652 1759 seu
676 1707 902 1756 ubiscatur
931 1725 1110 1768 omnes,
1143 1722 1300 1758 contra
1320 1727 1438 1775 quos
1459 1711 1622 1760 odium
1656 1711 1823 1768 habet;
1864 1710 1939 1760 sed
1964 1725 2015 1760 ut
2049 1714 2254 1776 primurn
2276 1715 2351 1761 vi·

341 1776 441 1833 det,
470 1775 600 1840 quod
634 1773 723 1826 hoc
744 1790 839 1822 non
861 1774 957 1832 fiat,
1000 1777 1050 1824 δε
1073 1777 1219 1840 magis
1242 1777 1276 1824 fi
1299 1777 1390 1841 ipse
1412 1789 1600 1844 propter
1623 1777 1799 1826 malum
1838 1778 1969 1825 suum
1995 1780 2200 1842 punitur,
2238 1791 2350 1829 tunc

338 1842 541 1891 irascitur
573 1854 728 1889 contra
751 1841 924 1898 Deum,
961 1841 1103 1906 usque
1122 1856 1176 1890 ut
1212 1857 1347 1908 neget
1380 1844 1532 1902 illum,
1567 1846 1616 1894 &
1650 1861 1833 1908 quoque
1866 1845 2003 1892 corde
2038 1844 2346 1909 blasphemet:

335 1909 468 1974 quod
501 1910 562 1956 ita
584 1907 654 1966 fit,
702 1906 1006 1956 manifestatur
1043 1909 1157 1957 clare
1194 1911 1243 1957 in
1280 1911 1413 1958 altera
1435 1911 1546 1969 vita,
1587 1910 1650 1959 ibi
1687 1906 1809 1958 e'nim
1835 1910 1977 1959 homo
1999 1910 2246 1960 secundum
2282 1914 2354 1961 in-

341 1977 505 2024 teriora
534 1974 610 2023 sua
640 1974 752 2038 agit,
784 1974 835 2022 δι
874 1990 966 2023 non
998 1973 1246 2024 secundum
1268 1978 1502 2035 exteriora,
1544 1977 1656 2025 ficut
1691 1979 1737 2025 in
1764 1978 1973 2033 mundo;
2019 1980 2068 2025 δε
2109 1977 2172 2025 ibi
2209 1995 2352 2042 poena

341 2042 424 2091 suo
449 2041 569 2090 malo
606 2041 823 2097 adhaeret‚
862 2040 912 2088 &
935 2041 1058 2106 quafi
1083 2041 1286 2093 inhaeret.
1355 2044 1610 2092 Videantur
1645 2047 1910 2107 quae·prius
1932 2042 2101 2092 ostensa
2132 2043 2250 2102 sunt,
2297 2058 2352 2094 ut

344 2108 472 2173 quod
508 2109 573 2155 ira
608 2107 663 2155 fit
699 2106 891 2163 malum,
930 2124 997 2156 n:
1011 2108 1155 2172 6358.
1184 2111 1347 2173 6359:
1395 2110 1522 2169 quod
1555 2110 1618 2157 ira
1653 2111 1703 2158 ὅτ.
1739 2111 1913 2157 malum
1950 2109 2204 2158 tribuantur
2226 2113 2348 2170 Deo,

343 2190 454 2222 cum
489 2186 640 2222 tamen
674 2173 728 2221 fit
760 2174 882 2237 apud
917 2174 1170 2233 hominem,
1206 2175 1258 2223 &
1297 2177 1422 2239 quod
1463 2193 1487 2224 a
1511 2177 1614 2224 Deo
1650 2175 1759 2223 nihil
1802 2176 1924 2234 mali,
1972 2178 2018 2222 in
2057 2177 2168 2224 locis
2203 2180 2353 2228 citatis

343 2241 571 2305 ⁰²9306·
613 2257 822 2304 10‚431:
871 2241 1070 2305 &quod
1104 2241 1278 2289 malum
1303 2242 1455 2291 secum
1495 2243 1652 2291 habeat
1684 2258 1882 2307 paenarn,
1930 2259 1990 2291 n:
2025 2245 2166 2309 1857.
2206 2249 2352 2306 8214.

344 2311 436 2358 822
477 2343 487 2354 .
524 2308 667 2357 8226.
727 2322 792 2367 04
829 2342 862 2356 .,
2119 2340 2121 2343 <

417 2325 608 2437 ιὲ),6ι9.
644 2325 922 2435 Et9ma9gnus
944 2372 1144 2422 bonitate
1167 2376 1216 2423 &
1239 2375 1441 2433 veritate,
1466 2375 1592 2440 quod
1618 2375 1839 2446 significet
1861 2375 1987 2439 quod
2013 2375 2066 2424 fit
2088 2375 2242 2440 Ipsum
2261 2378 2351 2425 Bo-

343 2454 459 2488 num
495 2438 719 2500 &Ipsum
743 2440 940 2494 Verum,
978 2440 1151 2488 constat
1181 2457 1238 2488 ex
1273 2459 1346 2499 eo,
1385 2442 1514 2505 quod
1550 2443 1776 2489 Divinum
1817 2442 1872 2489 fit
1905 2442 2161 2499 Infinitum,
2211 2444 2259 2489 δε
2293 2445 2351 2491 de

345 2504 534 2554 Infinito
567 2519 658 2551 non
690 2504 927 2552 aliuddici
950 2505 1097 2567 potest
1118 2522 1258 2570 quam
1293 2508 1421 2571 quod
1445 2507 1498 2554 sit
1518 2507 1674 2571 Ipsum
1698 2507 1836 2564 Illud,
1877 2507 1950 2554 seu
1973 2507 2072 2564 Est,
2111 2509 2173 2555 ita
2193 2508 2349 2572 Ipsum

344 2573 551 2628 Bonum,
585 2570 638 2617 ὅτ
660 2570 766 2632 quia
781 2569 850 2618 est
872 2570 1027 2634 Ipsum
1051 2573 1253 2630 Bonum,
1291 2575 1427 2636 etiarn
1462 2572 1524 2621 est
1546 2573 1702 2637 Ipsum
1725 2574 1920 2631 Verum,
1961 2574 2178 2638 quoniam
2211 2590 2357 2624 omne

346 2638 525 2684 Verum
562 2635 626 2683 est
661 2637 808 2685 Boni:
852 2635 933 2684 'sed
968 2637 1060 2686 hoc
1092 2638 1247 2702 Ipsum
1281 2641 1555 2703 exprimitur
1593 2641 1637 2688 in
1674 2639 1797 2687 sensu
1832 2641 1974 2688 literae
2007 2655 2088 2705 per
2126 2656 2349 2705 magnum

348 2704 546 2751 bonitate
568 2703 617 2750 δε
640 2704 846 2760 veritate,
883 2703 946 2751 ita
967 2703 1092 2751 finite
1116 2718 1300 2769 propter
1337 2706 1500 2754 statum
1540 2706 1684 2755 finitae
1719 2708 2019 2771 perceptionis
2052 2707 2175 2771 apud
2199 2709 2349 2755 homi·

343 2785 471 2818 nem.
540 2768 687 2831 Qod
708 2769 936 2817 Divinum
973 2768 1027 2818 fit
1047 2771 1203 2835 Ipsum
1231 2773 1431 2830 Bonum,
1473 2773 1643 2820 constat
1676 2772 1797 2836 apud
1819 2772 2119 2829 Matthaeum,
2159 2778 2195 2800 “
2219 2774 2348 2836 Jesus

310 2858 315 2862 ¹
343 2836 481 2892 dixit,
514 2833 573 2881 ad
593 2833 936 2890 adolescentem,
972 2851 1053 2883 cur
1076 2838 1163 2885 Me
1193 2838 1299 2885 dicis
1321 2840 1499 2895 Bonum,
1535 2839 1676 2887 nullus
1698 2841 1841 2887 Bonus
1872 2839 1926 2897 est
1948 2839 2027 2898 nist
2046 2855 2154 2886 unus
2178 2841 2350 2895 Deus‚”

345 2916 463 2950 xlx:
486 2916 546 2964 17
567 2921 583 2954 3
623 2915 702 2963 per
721 2900 854 2963 quod>
873 2901 1154 2965 intelligitur,
1177 2904 1304 2967 quod
1328 2906 1562 2953 Dominus
1586 2905 1646 2968 ‚sit
1667 2906 1746 2970 qui
1771 2903 1887 2952 solus
1910 2906 2081 2960 Bonus,
2106 2906 2167 2951 ita
2190 2906 2345 2969 Ipsum

347 2970 563 3018 Bonum:
609 2967 659 3014 &
681 2966 808 3029 quod
844 2965 1000 3029 Ipsum
1025 2968 1221 3030 Verum,
1258 2970 1383 3034 apud
1404 2971 1682 3032 johannem,
1730 2976 1764 2998 “
1787 2970 1916 3032 jesus
1940 2971 2074 3028 dixit,
2113 2971 2222 3036 Ego
2245 2970 2347 3021 stim

348 3035 454 3091 vja,
490 3035 540 3081 &
561 3034 734 3080 Veritas
771 3033 819 3080 &
844 3032 1006 3090 Vita‚’'
1048 3049 1136 3081 xxv
1157 3053 1168 3084 ε
1190 3034 1235 3083 6.
1312 3066 1319 3069 -
1356 3094 1364 3095 ἶ

417 3097 613 3157 „102620-
647 3098 836 3146 Sei-vans
860 3097 1107 3156 bonitatem
1131 3101 1188 3149 ad
1214 3101 1371 3160 millia,
1404 3102 1534 3168 quod
1557 3102 1775 3167 significet
1808 3105 1857 3151 in
1891 3114 2132 3160 aeternum‚
2174 3103 2349 3154 constat

337 3181 408 3215 ‘ex
423 3165 753 3230 -fignificatione
775 3163 1005 3225 bonitatiS,
1046 3173 1154 3217 cu'm
1189 3168 1247 3218 de
1269 3167 1494 3285 Jelioivglzl,
1503 3170 1659 3284 hquod
1683 3169 1736 3221 sit
1761 3170 1915 3236 Ipsum
1934 3171 2137 3228 Bonum,
2160 3181 2349 3285 utsmox

344 3267 354 3273 .
437 3271 440 3274 ,
1366 3282 1369 3283 ⁷
1569 3252 1595 3289 2
2193 3273 2199 3276 .
2243 3253 2356 3302 upra
