2840 3718
623 252 967 318 CAPUT
1013 250 1578 318 VIGESIMUM
1625 253 2142 319 OCTAVUM.
2284 269 2411 329 243

414 387 596 442 peccata
619 392 710 425 non
733 390 923 434 remota,
964 392 1056 426 non
1086 378 1213 441 quod
1237 377 1340 424 ideo
1375 378 1573 427 damnati
1608 374 1789 434 fuerint,
1831 377 1903 424 sed
1928 377 2054 441 quod
2088 388 2167 440 per
2202 373 2249 422 id
2288 376 2414 422 anni-

413 443 601 491 hilarent
625 445 800 493 cultum
831 446 1262 509 repraesentativum,
1297 446 1346 491 &
1371 444 1428 491 fic
1460 444 1823 508 repraesentarent
1846 445 2082 490 damnatos
2107 443 2188 506 qui
2226 444 2270 488 in
2305 458 2411 505 pec-

412 511 521 559 catis
546 510 633 558 suis
660 523 875 566 manent3
916 527 1054 558 nemo
1085 512 1206 558 enim
1239 512 1479 556 damnatur
1508 521 1697 574 ¹propter
1735 512 2018 557 orniffionem
2052 511 2225 556 rituum
2263 520 2411 555 exter-

412 593 595 632 norum,
636 576 709 623 sed
746 589 932 639 propter
970 578 1084 624 mala
1115 576 1280 631 cordis,
1322 576 1382 622 ita
1416 590 1602 639 propter
1639 579 1923 623 omissionem
1965 577 2148 623 illorum
2188 591 2245 622 ex
2286 576 2409 621 malo

407 643 591 690 cordis:
640 641 727 689 hoc
762 642 1040 705 significatur
1085 657 1166 705 per
1205 654 1386 706 portare
1423 643 1710 705 iniquitatem
1745 644 1790 689 in
1833 642 2116 704 sequentibus
2156 642 2224 688 his
2261 641 2409 695 locis;

407 709 531 771 apud
569 706 819 764 Moschen,·
856 713 891 735 “
917 707 964 755 Si
999 710 1147 756 anima
1187 709 1455 771 peccaverit,
1503 707 1746 771 feceritque
1787 724 1931 755 unum
1971 708 2026 755 de
2067 709 2305 772 praeceptis
2330 708 2407 767 Je-

406 774 558 829 hovae,
594 789 701 837 quae
723 789 815 821 non
838 774 936 822 fieri
960 775 1144 832 debent,
1179 774 1348 821 etiarnsi
1373 784 1465 821 non
1490 777 1683 830 noverit,
1728 791 1796 821 rea
1821 786 1970 822 tamen
1996 774 2094 830 erit,
2133 774 2181 821 &
2208 773 2408 835 portabit

405 843 676 904 iniquitatem
688 841 865 904 suam,'’
912 851 1040 906 v2'7.
1071 843 1116 898 8,
1151 840 1223 888 hic
1263 857 1343 903 per
1377 852 1552 903 portare
1582 833 1864 903 iniquitatem
1905 857 1998 887 non
2035 840 2305 903 intelligitur
2328 839 2404 886 sed

406 905 684 970 significatur
709 907 898 954 retentio
923 907 1144 955 malorum
1181 908 1231 954 δε
1256 906 1309 954 fit
1333 906 1598 962 damnati03
1640 909 1856 970 quoniam
1883 918 1974 954 non
2009 915 2064 965 ex
2098 907 2217 954 malo
2256 906 2406 952 cordis
2485 914 2491 917 “

407 972 455 1018 id
493 971 672 1030 fecerat,
713 985 816 1019 nam
853 972 1020 1020 dicitur
1057 971 1230 1023 etiarnfi
1266 986 1357 1019 non
1394 975 1583 1019 noverit.
1654 973 1800 1036 Apud
1824 973 2058 1028 Eundem,
2106 978 2140 999 ‘⁶
2164 972 2212 1019 Si
2249 988 2406 1019 come-

408 1038 562 1086 dendo
597 1037 867 1086 comedatur
901 1037 958 1086 de
981 1052 1110 1087 carne
1143 1036 1342 1085 sacrificii
1377 1038 1674 1101 pacificorum
1714 1038 1897 1085 suorum
1934 1040 1978 1085 in
2015 1039 2087 1085 die
2121 1039 2269 1093 tertio,
2311 1049 2402 1084 non

405 1104 656 1168 placabitur
685 1103 878 1151 offerens
914 1104 1044 1161 illud,
1088 1104 1364 1151 abominatio
1394 1104 1474 1161 est,
1521 1121 1571 1152 ac
1609 1105 1759 1151 anima
1793 1121 1899 1168 quae
1933 1105 2200 1159 comederit,
2246 1106 2403 1167 iniqui-

404 1180 538 1217 tatem
560 1174 687 1233 Juam
715 1171 929 1232 portabit,
972 1173 1021 1218 δε
1054 1170 1314 1233 exscindetur
1347 1170 1397 1218 de
1425 1171 1596 1232 populis
1620 1172 1764 1234 suis,”
1817 1171 1955 1218 Levit
1985 1186 2088 1218 :vn
2111 1189 2120 1216 ε
2147 1176 2221 1219 18.
2269 1171 2399 1232 Cap:

402 1251 520 1283 mx:
543 1251 585 1299 7.
615 1238 680 1291 8;
725 1252 808 1300 per
846 1247 1021 1299 portare
1061 1238 1344 1300 iniquitatem
1391 1239 1528 1284 etiam
1579 1236 1966 1300 hic·fignificatur
2014 1253 2189 1283 manere
2230 1238 2276 1284 in
2315 1235 2401 1282 suis

401 1304 614 1366 peccatiS,
649 1303 698 1349 &
723 1302 782 1349 fic
811 1304 858 1350 in
893 1303 1182 1350 damnatione
1215 1304 1329 1359 effe3
1371 1319 1462 1350 non
1499 1304 1625 1365 quod
1660 1303 1763 1350 ideo
1796 1305 1903 1366 quia
1937 1304 2137 1350 comedit
2177 1319 2233 1350 ex
2272 1302 2402 1350 sacri-

401 1368 512 1416 ficio
535 1367 615 1415 suo
650 1368 723 1416 die
758 1370 906 1425 tertio,
942 1368 1017 1416 sed
1053 1371 1161 1433 quia
1193 1385 1274 1432 per
1306 1370 1544 1416 comedere
1578 1370 1690 1416 illud
1729 1369 1803 1416 die
1840 1371 1971 1416 tertio
2010 1367 2403 1432 repraesentabatur

401 1433 719 1492 abominabile,
755 1435 893 1498 quod
927 1435 1207 1483 damnationi
1242 1436 1494 1482 obnoxium
1534 1434 1630 1491 est;
1676 1436 1735 1482 ita
1766 1451 1848 1498 per
1882 1436 2166 1498 iniquitatem
2206 1449 2398 1500 portare,

402 1502 454 1548 δε
474 1496 670 1548 exscindi
702 1517 727 1548 e
749 1500 932 1564 populis
971 1499 1074 1556 suis,
1111 1500 1506 1564 repraesentabatur
1539 1501 1774 1548 damnatio
1814 1501 2016 1558 illorum,
2056 1502 2136 1564 qui
2170 1501 2400 1550 abomina-

399 1568 592 1622 tionem,
628 1582 735 1630 quae
768 1582 849 1630 per
888 1567 935 1614 id
975 1565 1147 1614 factum
1173 1567 1467 1631 fignificatur,
1507 1566 1712 1624 faciunt;
1760 1568 1831 1614 sed
1867 1566 2005 1631 usque
2040 1583 2132 1615 non
2168 1568 2401 1615 damnatio

397 1644 509 1688 erat,
544 1633 653 1696 quia
688 1633 910 1690 comedit,
956 1633 1166 1682 interiora
1197 1635 1319 1681 enim
1358 1634 1488 1691 mala,
1529 1650 1637 1698 quae
1673 1631 2115 1697 repraesentabantur,
2163 1633 2401 1690 damnant,

398 1714 493 1747 non
517 1699 738 1747 exteriora
759 1699 922 1763 absque
947 1699 1048 1747 illis.
1121 1700 1266 1764 Apud
1289 1700 1524 1757 Eundem,
1562 1705 1597 1727 “
1619 1701 1790 1748 Omnis
1814 1701 1979 1757 anima,
2020 1714 2128 1764 quae
2151 1700 2401 1747 comederit

397 1762 592 1813 cadaver
619 1780 670 1814 ac
702 1765 999 1830 discerptum,
1032 1768 1083 1814 &
1107 1783 1199 1814 non
1222 1766 1385 1814 laverit
1405 1767 1548 1814 vestes
1582 1766 1694 1825 suas,
1734 1769 1785 1815 δε
1819 1776 1998 1814 carnem
2033 1766 2156 1813 suam
2191 1766 2400 1822 abluerit,

391 1832 593 1893 portabit
630 1834 897 1897 iniquitatem
927 1834 1105 1894 suam,''
1151 1849 1262 1880 xv11
1290 1852 1302 1881 ε
1329 1849 1400 1896 ¹5·
1434 1833 1526 1889 163
1573 1835 1680 1897 quia
1718 1833 1958 1881 comedere
1997 1833 2187 1880 cadaver
2220 1834 2271 1880 δε
2312 1832 2402 1879 dis-

398 1908 611 1962 cerptum
634 1899 972 1962 repraesentabat
995 1899 1406 1965 appropriationem
1433 1901 1538 1948 mali
1561 1900 1611 1948 ὅτ
1633 1899 1747 1957 falfi,
1778 1899 1883 1948 ideo
1906 1899 2072 1946 dicitur
2106 1911 2282 1963 portare
2315 1899 2401 1946 ini-

399 1964 622 2026 quitatem
660 1965 794 2012 etiam
834 1963 1202 2028 repraesentative.
1286 1966 1433 2030 Apud
1478 1966 1714 2028 Eundem,
1767 1971 1800 1994 “
1826 1965 1874 2013 Si
1909 1967 1998 2023 vir,
2055 1966 2135 2030 qui
2178 1965 2399 2022 mundus,

398 2028 598 2076 omiserit
633 2027 776 2077 facere
809 2028 992 2086 Pascha,
1034 2031 1294 2094 exscindetur
1330 2034 1474 2078 anima
1514 2032 1604 2078 haec
1642 2048 1665 2079 e
1701 2031 1872 2094 populis
1907 2034 2018 2095 suis,
2074 2031 2183 2095 quia
2232 2047 2402 2079 munus

397 2095 591 2157 Jeh‘ovae
622 2109 718 2144 non
749 2096 918 2143 obtulit
954 2097 1001 2143 in
1035 2109 1242 2161 tempore
1263 2095 1386 2155 stato
1408 2098 1492 2158 suo
1522 2109 1745 2159 peccatum
1776 2097 1902 2162 suum
1937 2098 2183 2160 portabit,”
2229 2097 2396 2146 Num:

396 2177 530 2209 vm:
556 2179 611 2226 13
634 2183 650 2218 3
694 2161 852 2226 pascha
873 2161 1215 2226 repraesentabat
1251 2162 1560 2211 liberationem
1587 2173 1628 2227 ga
1659 2165 1965 2222 damnatione,
2012 2180 2038 2211 a
2059 2162 2284 2220 Domino,
2334 2179 2397 2213 n:

399 2244 527 2293 7093
550 2227 650 2276 fin:
677 2231 825 2293 7867.ι
850 2245 994 2293 7995.
1020 2228 1164 2293 9286.
1191 2231 1321 2293 9287
1355 2230 1411 2277 ad
1437 2243 1603 2294 9²9²-3
1651 2231 1702 2278 &
1736 2245 1871 2278 coena
1905 2229 2120 2294 paschalis
2155 2228 2397 2294 repraesen-

393 2294 517 2342 tabat
538 2291 907 2357 conjunctionem
930 2307 1040 2342 curn
1063 2296 1275 2344 Domino
1304 2311 1385 2360 per
1408 2296 1580 2344 bonurn
1605 2297 1787 2354 amoris,
1807 2313 1869 2344 n:
1893 2298 2034 2360 7836.
2063 2312 2205 2362 7997.
2235 2300 2358 2345 8001
2378 2317 2396 2352 ς

393 2360 446 2408 &
480 2361 589 2424 quia
621 2360 698 2408 illa
734 2359 1179 2425 repraesentabantur,
1223 2360 1440 2410 statutum
1470 2375 1578 2420 erat,
1626 2364 1755 2427 quod
1792 2361 2121 2411 exscinderetur
2158 2379 2182 2409 e
2215 2363 2399 2426 populis

393 2426 476 2489 qui
499 2442 591 2476 non
612 2424 777 2475 faceret
809 2426 986 2491 pascha,
1025 2428 1077 2476 ὅτ
1099 2428 1228 2492 quod
1320 2441 1502 2477 ecaturn
1541 2428 1673 2477 suum
1715 2441 1939 2492 portaret;
1981 2428 2053 2476 sed
2090 2428 2137 2475 id
2175 2445 2266 2475 non
2309 2429 2398 2476 tale

393 2491 569 2539 facinus
595 2505 704 2549 erat,
741 2507 905 2540 verum
929 2492 1072 2541 modo
1104 2509 1248 2557 reprae
1266 2495 1463 2552 entabat,
1500 2494 1601 2543 illos
1637 2497 1716 2558 qui
1752 2495 1888 2542 corde
1923 2506 2090 2558 negant
2113 2495 2395 2552 Dominum,

393 2558 445 2607 &
468 2558 574 2606 inde
595 2557 905 2606 liberationem
930 2575 957 2607 a
977 2560 1189 2623 peccatiS,
1236 2560 1288 2607 ὅτ
1311 2560 1376 2608 sui
1407 2561 1489 2624 qui
1528 2577 1619 2609 non
1656 2559 1874 2625 conjungi
1909 2560 1998 2623 Ipfi
2030 2560 2194 2608 volunt
2231 2575 2311 2623 per
2346 2576 2394 2608 a-

394 2639 591 2682 morem,
641 2624 706 2673 ita
742 2640 902 2673 eorum
942 2625 1302 2674 damnationem.
1383 2627 1531 2690 Apud
1571 2627 1806 2684 Eundem,
1854 2631 1888 2653 “
1912 2628 2025 2675 Non
2059 2626 2272 2674 accedent
2311 2625 2395 2673 filii

393 2689 562 2738 Israelis
594 2690 652 2738 ad
675 2692 952 2740 Teneor-ium
991 2704 1261 2751 conventus,
1299 2692 1361 2742 ad
1381 2693 1643 2756 portandum
1682 2695 1949 2758 iniquitatem
1979 2693 2222 2747 moriendo;
2264 2690 2395 2739 faciet

392 2757 562 2805 Levita
582 2772 700 2821 opus
721 2759 770 2805 T
770 2759 931 2806 entorii
954 2770 1221 2816 conventus»,
1260 2761 1316 2812 &
1341 2761 1376 2807 ii
1403 2761 1642 2822 portabunt
1675 2752 1994 2824 iniquitatem?
2036 2760 2200 2807 Num:
2219 2773 2357 2805 xvm
2377 2777 2391 2806 ε

394 2839 473 2873 22.
502 2841 528 2872 2
534 2841 597 2887 33
638 2823 765 2887 quod
790 2825 989 2888 populus
1009 2837 1209 2890 portaret
1241 2824 1523 2890 iniquitatem
1550 2829 1806 2883 moriende,
1845 2826 1878 2873 fi
1902 2825 2162 2873 accederent
2182 2825 2238 2873 ad
2263 2827 2392 2872 Ten-

394 2891 567 2939 torium
592 2890 859 2938 Conventus
895 2891 952 2938 ad
977 2890 1235 2940 faciendum
1269 2908 1388 2957 opus
1425 2893 1506 2950 ibi,
1542 2907 1635 2942 erat
1657 2894 1768 2957 quia
1786 2892 2083 2940 annihilarent
2111 2892 2171 2939 fic
2210 2890 2390 2938 cultum

393 2955 809 3021 repraesentativum
842 2954 1098 3020 injunctum
1133 2958 1380 3006 ministerio
1413 2958 1728 3015 sacerdotum;
1773 2957 2070 3007 ministerium
2108 2957 2391 3005 sacerdotum

392 3022 470 3071 seu
505 3022 803 3071 sacerdotium
826 3023 1166 3086 repraesentabat
1187 3039 1326 3073 omne
1363 3041 1480 3088 opus
1503 3025 1753 3075 salvationis
1776 3025 1988 3083 Domini,
2025 3041 2086 3073 n:
2112 3028 2259 3089 9809,
2285 3021 2391 3069 ideo

391 3089 561 3138 dicitur
581 3089 708 3152 quod
725 3089 926 3146 Levitae,
950 3091 1030 3154 qui
1043 3090 1188 3138 etiam
1212 3103 1335 3139 erant
1358 3090 1621 3151 sacerdotes,
1647 3104 1878 3158 portarent
1901 3092 2185 3155 iniquitatem
2208 3104 2388 3144 eorum,

390 3170 473 3218 per
495 3157 623 3221 quod
647 3155 980 3220 significabatur
1005 3156 1219 3221 expiatio,
1260 3157 1347 3207 hoc
1370 3157 1453 3213 est,
1489 3162 1683 3209 remetio
1706 3176 1730 3208 a
1755 3158 1882 3206 malis
1905 3159 1955 3206 δε
1986 3156 2102 3204 fallis
2140 3154 2261 3221 apud
2286 3154 2391 3200 illos

1386 3224 1443 3272 H
1465 3225 1496 3275 h
1531 3241 1562 3276 2
2312 3218 2396 3287 qui
