2840 3718
502 190 638 256 616
779 203 782 207 «
895 212 898 214 -
1020 217 1023 219 -
1083 190 1144 258 E
1237 189 1318 258 X
1351 211 1361 223 ι
1396 189 1463 256 0
1551 170 1952 258 1)ϋέ
2024 217 2026 219 -
2101 198 2191 201 ·
2256 186 2283 234 ³·

502 318 725 384 fignificat
768 316 982 386 primaria
1021 331 1101 381 per
1136 332 1247 380 quae
1291 314 1553 381 conjunctio
1591 316 1788 367 Domini
1835 332 1945 367 cum
1982 316 2184 367 humano
2228 319 2391 385 genere
2439 310 2519 389 p‘e'r

502 386 740 435 Verbum:
782 401 935 434 coram
959 385 1087 432 omni
1120 382 1294 448 populo
1328 395 1411 432 tuo
1443 381 1602 432 faciam
1627 383 1864 442 mirabilia,
1901 384 2123 449 fignificat
2147 386 2355 436 Verbum
2388 390 2518 454 quoii

502 454 729 504 Divinum
753 453 797 499 in
822 451 1036 506 omnibus
1059 452 1109 499 δε
1133 451 1319 514 singulis
1354 467 1439 515 pro
1462 450 1663 509 Ecclesia
1684 469 1696 499 ι
1743 467 1850 514 quae
1893 468 1981 500 non
2002 464 2152 503 ‘creata
2184 453 2287 502 sunt
2314 456 2362 517 in
2388 461 2518 505 omni

504 533 635 575 terra,
677 522 725 566 &
760 519 806 565 in
827 517 1044 570 omnibus
1077 519 1307 581 gentibuS,
1349 517 1572 583 significat
1595 517 1721 582 quod
1753 518 1839 581 tale
1862 520 2093 567 Divinum
2127 520 2356 585 ‘nusquam
2382 522 2518 574 fuerit

504 588 550 634 in
587 584 763 634 mundo
796 584 874 632 ubi
915 584 1114 633 Ecclesia
1152 585 1203 632 δε
1237 601 1328 632 non
1367 585 1596 633 Ecclelia:
1641 586 1692 634 &
1729 585 1903 632 videbit
1934 587 2084 634 omnis
2119 587 2339 651 populus,
2385 589 2517 654 cujus

505 665 557 700 tu
593 653 639 699 in
675 651 828 700 medio
858 650 971 717 ejus,
1020 666 1135 714 opus
1160 651 1371 713 Jehovae,
1423 651 1644 715 significat
1677 652 1803 715 quod
1839 668 2016 709 omnes,
2061 669 2085 700 a
2118 654 2286 718 quibus
2309 656 2517 705 Verbum

505 719 735 782 recipitur,
773 715 1014 782 agnoscent
1036 718 1264 767 Divinum
1300 719 1347 765 in
1380 735 1466 766 eo:
1515 719 1643 781 quod
1679 718 1882 766 mirabile
1918 718 2006 767 hoc
2047 720 2312 784 quod'Ego
2350 721 2516 771 faciens

503 801 611 832 curn
638 798 698 842 te,
733 785 954 848 significat
975 784 1107 848 quale
1129 784 1270 832 Verbi
1307 785 1354 831 in
1383 785 1598 833 omnibus
1619 785 1670 832 ὅτ
1693 783 1909 847 fingulis:
1951 784 2127 833 custodi
2151 785 2233 833 tibi
2257 789 2516 853 quodEgo

505 853 724 916 praecipio
758 852 847 898 tibi·
875 850 1029 913 hodie,
1071 849 1295 915 fignificat
1327 850 1361 897 fi
1394 849 1558 899 faciant
1586 851 1798 916 primaria
1830 851 1929 899 haec
1952 864 2060 914 quae
2094 850 2196 900 sunt
2233 866 2415 902 aeternae
2437 871 2515 904 ve-

506 920 676 966 ritatis:
724 934 826 966 ecce
862 918 971 981 Ego
1008 918 1238 981 expellens
1272 933 1297 965 a
1335 917 1532 965 faciebus
1565 918 1655 966 tuis
1695 917 1972 975 Emeritam,
2018 918 2071 965 &
2109 918 2421 978 Canaanitam,
2447 924 2518 975 ,δε

507 985 766 1042 Chittitam,
801 986 851 1033 ὅτ.
894 984 1145 1041 Perilitam,
1181 986 1231 1032 &
1272 984 1528 1042 Chivitam,
1563 985 1613 1032 δε
1643 983 1912 1046 Jebufitarn,
1960 983 2184 1048 fignificat
2216 988 2515 1037 remotionem

465 1098 470 1103 .
507 1064 618 1100 tunc
643 1052 866 1099 malorum
892 1052 941 1099 δε
966 1050 1070 1098 inde
1101 1049 1332 1102 falsorum.
2480 1063 2488 1077 ²

579 1118 769 1182 10‚632.
805 1119 869 1165 Et
892 1117 1025 1174 dixit,
1059 1133 1162 1165 ecce
1185 1117 1293 1180 Ego
1327 1133 1530 1181 pangens
1564 1116 1738 1175 foedus,
1782 1117 1926 1183 quod
1946 1116 2170 1180 fignificet
2191 1120 2401 1182 primaria
2435 1137 2516 1186 per
2560 1127 2567 1133 '
2667 1119 2673 1124 ’

504 1200 612 1249 quae
634 1182 895 1247 conjunffio
917 1184 1110 1232 Domini
1144 1199 1253 1231 curn
1278 1185 1483 1231 humano
1505 1199 1670 1247 genere
1694 1199 1776 1247 per
1796 1183 2025 1242 Verbum,
2060 1183 2232 1232 constat
2263 1201 2322 1234 ex
2340 1186 2516 1250 fignifi-

502 1253 679 1299 catione
708 1249 912 1308 foederiS,
963 1250 1093 1313 quod
1125 1249 1180 1298 fit
1214 1246 1495 1313 conjunCtio,
1549 1250 1608 1297 de
1652 1265 1743 1314 qua
1792 1247 1985 1312 n2665.
2028 1249 2142 1298 666.
2186 1266 2324 1316 ¹023·
2369 1259 2512 1318 1038.

512 1319 650 1377 1864.
682 1316 821 1381 1996.
850 1331 993 1380 ²003·
1020 1332 1165 1367 2021.
1197 1319 1342 1377 6804.
1381 1316 1524 1381 8767.
1563 1318 1728 1381 8778;
1785 1316 1860 1363 hic
1893 1313 2156 1379 conjunffio
2178 1317 2387 1379 Jehovae,
2429 1320 2517 1370 hoc

503 1383 586 1442 est,
621 1382 814 1431 Domini
844 1398 954 1431 cum
979 1382 1179 1430 humano
1212 1397 1374 1446 genere
1408 1398 1488 1447 per
1521 1383 1734 1440 verbum,
1773 1398 1879 1430 nam
1916 1383 1973 1430 de
2006 1382 2083 1430 illa
2115 1382 2433 1447 conjunffione
2468 1389 2518 1438 in

504 1466 627 1498 nunc
661 1450 946 1514 sequentibus
978 1449 1157 1513 agitur:
1209 1448 1337 1512 quod
1374 1449 1435 1496 ita
1456 1449 1526 1506 fit,
1563 1451 1700 1496 etiarn
1726 1447 1899 1496 constat
1933 1465 1959 1497 a
1990 1448 2098 1497 serie
2123 1465 2275 1498 rerum
2310 1452 2357 1499 in
2391 1452 2517 1503 sensu

503 1517 712 1565 interno:
759 1516 910 1564 actum
945 1515 1009 1564 est
1043 1517 1093 1563 in
1127 1515 1488 1580 praecedentibus
1522 1515 1590 1579 dex
1604 1515 1732 1578 Lege
1770 1530 1878 1578 quae
1913 1514 2000 1562 lata
2032 1517 2081 1564 &
2116 1516 2414 1582 promulgata
2449 1520 2515 1569 est

505 1599 532 1632 e
566 1593 723 1631 monte
746 1582 884 1640 Sinai,
926 1597 1006 1645 per
1036 1598 1175 1646 quam
1211 1582 1257 1629 in
1297 1581 1390 1629 lato
1413 1580 1537 1629 sensu
1568 1581 1849 1644 significatur
1868 1581 2081 1639 verbum,
2114 1598 2148 1629 n
2167 1600 2179 1631 :
2199 1582 2340 1648 6752.
2370 1587 2517 1649 7462,
2599 1605 2603 1608 ’

503 1649 609 1698 Lex
642 1650 720 1697 illa
751 1651 886 1696 etiam
910 1646 997 1695 fuit
1031 1648 1213 1696 initium
1235 1647 1396 1704 Verbi,
1430 1663 1538 1695 nam
1570 1648 1659 1695 hoe
1691 1645 1843 1713 postea
1873 1647 2264 1712 promulgabatur,
2305 1652 2512 1715 primum
2530 1663 2545 1672 “’

503 1731 585 1781 per
609 1713 852 1772 Moschen‚
892 1714 999 1763 dein
1021 1730 1108 1779 per
1142 1713 1370 1778 reliquos:
1412 1713 1518 1762 dein
1553 1713 1706 1762 aetum
1739 1712 1803 1761 est
1842 1713 1900 1761 de
1936 1725 2071 1778 gente
2092 1713 2347 1773 israelitica,
2383 1733 2446 1782 qu
2479 1720 2481 1722 ’

506 1783 607 1830 talis
630 1798 722 1830 non
743 1781 864 1839 estet,
900 1793 953 1829 ut
981 1780 1108 1845 apud
1141 1780 1266 1829 illam
1289 1779 1517 1837 Verbum,
1556 1779 1687 1844 quale
1712 1779 1914 1894 alioqffin
1947 1780 2118 1849 potuit,
2158 1781 2376 1830 conscribi
2409 1720 2515 1849 poeg-

503 1848 583 1906 set,
628 1848 849 1913 quoniam
889 1847 1011 1912 apud
1049 1847 1172 1895 illam
1217 1863 1309 1895 non
1348 1848 1502 1912 potuit
1540 1846 1738 1895 Ecclefia
1772 1847 1818 1894 in
1860 1847 1959 1904 itui,
2006 1847 2058 1894 ὅτ.
2095 1846 2176 1895 ubi
2210 1848 2411 1897 Ecclesia
2448 1851 2512 1900 ibi

502 1913 731 1971 Verbum,
766 1913 823 1962 de
861 1914 1027 1978 quibus
1060 1914 1298 1962 videantur
1334 1929 1450 1978 quae.
1481 1914 1530 1961 in
1568 1913 1804 1978 Capitibus
1837 1929 1982 1960 xxxn
2020 1914 2071 1961 δε
2103 1929 2284 1971 xxxin,
2328 1915 2379 1963 ὅτ
2419 1917 2510 1976 huc

504 1976 644 2045 usque
677 1981 723 2029 in
746 1979 834 2029 hoc
859 1981 1018 2045 Capite
1041 1980 1160 2029 dicta
1197 1980 1247 2029 ὅτ
1271 1979 1441 2029 ostensa
1474 1978 1605 2028 sunt:
1656 1979 1730 2027 sed
1760 1980 1865 2045 quia
1888 1978 2082 2028 Mosche
2116 1979 2275 2029 institit
2305 1997 2392 2046 pro
2424 1999 2511 2048 po·
2587 2004 2589 2011 s

495 2048 633 2112 pulc,
669 2047 796 2111 quod
820 2046 1028 2109 Jehovah
1063 2047 1109 2096 in
1131 2046 1289 2096 medio
1310 2042 1406 2111 ejus
1427 2046 1550 2104 effer,
1591 2047 1641 2095 δε
1664 2047 1791 2111 quod
1824 2057 2128 2110 acceptaretur
2165 2060 2219 2095 ut
2255 2047 2509 2108 haereditas,

505 2117 556 2163 &
589 2112 649 2162 fic
682 2114 1042 2162 introduceretur
1075 2114 1121 2161 in
1154 2125 1318 2162 terram
1341 2112 1615 2171 Canaanem,
1655 2129 1736 2178 per
1759 2128 1866 2177 quae
1901 2115 2057 2161 omnia
2091 2114 2138 2161 in
2177 2111 2301 2162 sensu
2333 2116 2511 2165 interno

503 2179 783 2243 fignificatur
804 2181 931 2244 quod
954 2180 1156 2230 Ecclesia
1181 2180 1304 2244 apud
1337 2180 1470 2228 illum
1493 2179 1721 2244 populum
1754 2179 2022 2228 instituenda
2050 2179 2172 2238 effer,
2213 2181 2263 2230 ὅτ
2288 2180 2348 2230 fic
2381 2183 2510 2246 quod

503 2246 718 2295 ‘Verbum
758 2246 822 2294 ibi
864 2247 1232 2305 conscriberetur,
1275 2248 1326 2296 &
1361 2247 1471 2310 quia
1503 2247 1552 2293 id
1591 2262 1712 2293 nunc
1745 2258 1979 2312 receptum
2013 2245 2093 2303 est,
2139 2262 2197 2293 ex
2235 2245 2364 2294 causa
2400 2249 2510 2311 quia

505 2312 698 2362 Mosche
721 2311 897 2370 institit,
934 2313 1037 2361 ideo
1061 2329 1183 2361 nunc
1216 2314 1367 2376 agitur
1388 2313 1453 2362 de.
1468 2311 1693 2376 primariis
1715 2313 1983 2375 praeceptisf
2012 2326 2120 2375 quae
2143 2313 2333 2360 omnino
2356 2312 2508 2362 obser-

494 2379 669 2437 wanda,
707 2391 759 2427 ut
793 2379 839 2426 id
874 2379 971 2427 fieri
1005 2380 1178 2444 pofl‘et3
1224 2395 1332 2443 quae
1364 2377 1565 2435 fuerunt,
1601 2378 1730 2442 quod
1752 2378 1984 2425 Dominus
2024 2377 2141 2425 solus
2175 2378 2423 2436 colendus,'
2453 2381 2506 2429 &
2554 2412 2555 2415 =

502 2461 594 2494 non
615 2446 746 2503 alius,
778 2447 828 2494 δε
850 2446 978 2510 quod
997 2446 1332 2510 agnoscendum
1364 2445 1491 2509 quod
1524 2445 1582 2493 ab
1605 2442 1706 2510 ipso
1733 2460 1871 2503 omne
1905 2443 2086 2492 bonum
2105 2445 2154 2492 &
2179 2459 2363 2503 verum,
2386 2460 2505 2511 prae-

492 2524 572 2559 :ter
595 2513 740 2576 plura,
776 2513 832 2560 de
854 2513 1021 2577 quibus
1044 2515 1091 2561 in
1116 2529 1227 2561 mox
1259 2512 1558 2576 sequentibus.
1630 2511 1811 2559 Dicitur
1844 2509 1975 2576 quod
1998 2509 2056 2558 de
2094 2510 2182 2558 illis
2220 2512 2266 2559 iri
2293 2526 2405 2561 mox
2440 2513 2504 2561 se-
2530 2507 2535 2511 ⁵

505 2579 749 2642 quentibus
780 2592 954 2643 agatur,
994 2579 1068 2627 sed
1089 2579 1322 2628 sciendum
1346 2578 1426 2637 est,
1466 2577 1593 2643 quod
1615 2589 1845 2643 praecepta
1876 2577 1952 2625 illa
1974 2578 2289 2626 contineantur
2308 2579 2357 2625 -in
2382 2578 2504 2627 sensu

505 2646 716 2701 intern03
762 2645 808 2692 in
833 2645 954 2693 sensu
979 2660 1129 2694 autem
1153 2659 1356 2702 externo,
1396 2646 1477 2709 qui
1498 2645 1562 2692 est
1585 2644 1729 2692 sensus
1763 2644 1920 2701 literae,
1961 2644 2250 2692 continentur
2272 2644 2374 2693 talia
2397 2661 2505 2710 quae

493 2712 818 2775 repraesentant
840 2710 930 2767 illa,
972 2713 1034 2759 ita
1055 2728 1162 2776 quae
1194 2711 1463 2775 significant,
1498 2723 1551 2758 ut
1573 2710 1791 2758 constabit
1814 2710 1874 2757 ab¹
1890 2710 2185 2774 expiicatione
2205 2709 2505 2775 sequentium.
2587 2738 2590 2743 ·

503 2778 688 2826 Dicitur
709 2777 835 2841 quod
860 2793 940 2842 per
960 2777 1048 2826 hoc
1071 2778 1244 2835 foedus,
1279 2778 1406 2842 quod
1429 2777 1839 2842 Jehovah-pepigit
1861 2792 1970 2824 cum
1985 2775 2201 2835 Mosche,
2226 2770 2504 2841 significetur

490 2842 767 2907 ›conjunctio
787 2844 980 2892 Domini
1013 2860 1122 2893 cum
1160 2845 1365 2892 humano
1397 2859 1560 2908 genere
1591 2859 1671 2907 per
1692 2844 1929 2904 Verbum,⁴
1956 2853 2233 2908 quapropter
2270 2844 2343 2892 hic
2382 2843 2503 2892 dice-

506 2922 597 2967 tur,
631 2910 870 2975 quomodo
893 2927 1002 2959 cum
1040 2911 1116 2959 illa
1140 2909 1474 2975 conjunctione
1497 2910 1538 2959 se
1563 2910 1694 2958 habet
1713 2920 1731 2959 τ’
1775 2911 1825 2957 in:
1846 2909 2182 2973 Antiquiffimis
2218 2908 2500 2974 temporibus

495 2993 598 3024 non
617 2975 930 3034 fuitVerbum,
957 2977 1029 3027 sed
1054 2978 1316 3026 immediata
1338 2977 1549 3026 revelatio
1571 2993 1723 3026 coram
1749 2976 1934 3025 homine
1948 2975 2180 3032 Ecclefiae,
2204 2976 2254 3023 &
2271 2991 2352 3040 per
2373 2975 2500 3023 illam

504 3042 799 3104 conjunffio}
846 3060 951 3091 nam
976 3060 1084 3092 cum
1119 3045 1380 3092 immediata
1402 3044 1614 3100 revelatio
1635 3043 1732 3105 est,
1747 3052 1858 3091 tunc
1890 3042 1953 3090 est
1976 3040 2238 3106 conjunt‘itio
2257 3042 2365 3090 coeli
2389 3056 2500 3089 cum

507 3109 692 3157 homine
711 3132 726 3165 ;
743 3115 746 3119 ’
763 3108 1024 3174 conjunffio
1056 3111 1166 3159 coeli
1200 3127 1307 3158 curn
1331 3110 1514 3159 homine
1535 3110 1599 3158 est
1616 3108 1879 3174 conjunctio
1901 3109 2096 3157 Domini
2120 3122 2229 3155 cum
2251 3107 2346 3164 illo,
2381 3122 2500 3171 quo-

489 3176 623 3224 :niam
642 3176 870 3226 Divinum
906 3178 1123 3227 Domini·
1135 3175 1256 3243 apud
1293 3177 1479 3241 angelos
1513 3176 1620 3226 facit
1651 3176 1844 3225 eoelum.
1913 3175 2080 3235 Quum
2112 3172 2379 3222 immediata
2394 3174 2502 3287 lhaejc

885 3254 889 3257 ·
2032 3263 2035 3266 >
2291 3254 2392 3290 reve
2410 3252 2502 3288 atio
