2840 3718
607 285 951 353 CAPUT
997 283 1562 354 VIGESIMUM
1607 269 2186 362 OCTAVUM.J
2266 312 2396 373 219

384 410 515 460 tiaras
539 407 670 461 facies
692 413 794 470 illis,
835 413 1056 477 fignificat
1091 413 1435 480 intelligentiam
1468 412 1559 462 ibi:
1605 414 1664 463 ad
1686 413 1881 480 gloriam
1905 413 1955 463 &
1989 415 2046 464 ad
2071 415 2224 473 decue,
2261 415 2397 480 figni-

382 477 490 525 ficat
512 494 672 527 verum
698 479 912 528 Ecclefiae
934 479 1184 544 spiritualis.
1796 509 1798 511 >

447 562 594 610 994²·
631 547 694 593 Et
731 544 945 592 tess'elabis
983 547 1186 594 tunicam
1227 545 1357 609 hym,
1390 547 1519 609 quod
1541 546 1762 610 significet
1784 548 1944 605 intima
1967 548 2121 612 Regni
2159 547 2394 612 spiritualis

379 612 668 675 procedentia
689 625 746 657 ex
769 611 888 656 veris
910 611 1073 658 amoris
1095 611 1304 668 coelestiS,
1340 611 1514 660 constat
1533 629 1592 659 ex
1613 612 1936 675 significatione
1957 614 2150 662 vestium
2170 615 2395 663 Aharonis

378 679 427 723 in
449 692 627 740 genere,
662 675 789 738 quod
826 675 914 723 sint
947 676 1169 739 Regnum
1210 677 1436 741 spirituale
1474 675 1740 741 adjunctum
1775 682 1944 744 Regno
1982 680 2171 737 coelesti,
2208 681 2265 728 de
2303 691 2394 744 qua

379 756 443 789 n:
469 746 642 806 98143
675 743 726 790 δε
759 741 866 805 quia
899 743 1052 789 tunica
1087 754 1181 791 erat
1219 744 1379 791 intima
1413 743 1610 792 vestium
1650 745 1845 802 illarum,
1882 746 1986 793 ideo
2007 746 2231 809 perillam
2255 746 2394 810 signi*-

376 807 570 856 ficantur
609 809 767 855 intima
803 808 958 871 Regni
996 808 1151 866 illius3
1186 809 1313 873 quod
1350 810 1505 858 tunica
1526 810 1754 859 Aharonis
1793 810 1846 859 sit
1880 812 2108 859 Divinum
2132 812 2306 859 Verum
2347 813 2394 859 in

375 874 543 936 Regno
566 873 777 938 spirituali
800 874 1063 922 immediate
1083 876 1332 939 procedens
1354 892 1380 923 a
1401 876 1577 924 Divino
1599 876 1787 934 coelesti,
1821 877 2031 925 videatur
2054 894 2083 925 n
2103 896 2114 926 :
2140 879 2270 941 9826
2291 900 2304 932 ;
2342 880 2392 926 &

373 954 432 986 ex
455 940 777 1003 significatione
801 939 930 1002 byffi,
964 941 1091 1003 quod
1125 940 1180 988 fit
1210 956 1371 988 verum
1410 957 1469 990 ex
1504 943 1679 1005 origine
1715 943 1908 1000 coelesti,
1941 944 1999 990 de
2021 959 2111 1007 qua
2135 958 2198 991 n:
2227 943 2386 1009 9469:

373 1005 432 1051 de
471 1007 624 1053 tunica
662 1005 736 1053 illa
771 1005 939 1052 dicitur
975 1005 1105 1068 quod
1143 1006 1427 1064 teffelaretur,
1473 1007 1527 1055 ὅτ,
1559 1022 1642 1071 per
1678 1008 1930 1056 tesselatum
1968 1009 2234 1072 intelligitur
2272 1021 2388 1072 opus

370 1072 575 1128 textoris,
609 1071 660 1118 ὅτ
680 1084 762 1134 per
781 1081 899 1134 opus
929 1072 1117 1118 textoris
1146 1069 1426 1136 significatur
1462 1072 1513 1119 id
1548 1072 1674 1136 quod
1694 1075 1766 1122 'ex
1795 1073 1985 1131 coelesti,
2018 1088 2079 1123 n:
2107 1091 2234 1138 9915
2257 1097 2272 1129 3
2306 1088 2387 1138 per

367 1136 557 1192 eandem
579 1151 761 1192 vocem,
794 1150 885 1199 qua
913 1136 1187 1199 exprimitur
1215 1137 1410 1186 teffelare
1440 1139 1489 1185 in
1509 1137 1696 1202 Lingua
1723 1139 1932 1202 originali
1953 1140 2088 1187 etiam
2110 1140 2388 1203 significatur

366 1212 548 1250 texere:
583 1201 711 1265 quod
736 1202 887 1249 tunica
917 1201 992 1249 illa
1017 1214 1144 1250 texta
1167 1200 1321 1260 fuerit,
1355 1202 1431 1251 seu
1451 1219 1511 1252 ex
1531 1216 1670 1268 opere
1691 1206 1894 1263 textoris,
1928 1205 2100 1254 constat
2119 1221 2176 1253 ex
2198 1205 2388 1269 sequen·

364 1266 488 1314 tibus
526 1268 573 1314 in
607 1267 755 1315 Libro
777 1266 950 1325 Exodi,
985 1271 1021 1295 “
1044 1271 1249 1317 Fecerunt
1287 1271 1454 1317 tunicas
1489 1269 1600 1331 byffi,
1633 1283 1737 1333 opus
1769 1273 1964 1328 textoris,
1991 1283 2075 1333 pro
2098 1272 2300 1320 Aharone
2322 1272 2380 1322 δι’

356 1332 466 1395 filiis
487 1334 625 1396 ejus,”
659 1347 840 1382 xxxix:
867 1348 966 1398 27³
999 1334 1128 1398 quod
1167 1334 1356 1382 teffelata
1393 1334 1544 1393 fuerit,
1579 1336 1652 1384 seu
1691 1346 1813 1384 texta
1848 1352 1907 1384 ex
1944 1337 2086 1400 bysso,
2122 1350 2214 1385 erat
2237 1338 2381 1396 causa,

366 1408 418 1446 ut
459 1398 844 1462 repraesentaretur
879 1398 929 1446 id
971 1399 1099 1463 quod
1134 1400 1397 1449 immediate
1416 1401 1628 1464 procedit
1667 1417 1725 1450 ex
1767 1402 1954 1459 coelesti‚
1993 1403 2122 1466 quod
2162 1402 2224 1450 est
2267 1403 2383 1452 sicut

365 1464 636 1512 continuum
674 1462 951 1527 oespeekive;
1014 1480 1123 1529 quae
1161 1465 1286 1514 enim
1330 1481 1389 1514 ex
1431 1466 1606 1515 coelesti
1646 1468 1916 1532 procedunt,
1967 1467 2068 1516 sunt
2122 1468 2235 1516 ficut
2273 1480 2382 1532 quae

362 1541 424 1576 ex
487 1529 745 1578 voluntario
792 1530 918 1594 apud
963 1529 1236 1588 hominem;
1306 1533 1464 1581 omnia
1500 1533 1624 1581 enim
1669 1549 1776 1596 quae
1813 1533 1917 1595 sunt
1954 1534 2204 1581 intellectus
2259 1536 2382 1598 apud

360 1593 597 1643 hominem
612 1595 875 1659 >procedunt
893 1611 954 1645 ex
978 1597 1234 1646 voluntario
1253 1596 1349 1662 ejus
1367 1620 1382 1655 3
1417 1611 1526 1662 quae
1547 1600 1731 1647 interius
1751 1599 2005 1664 procedunt
2027 1611 2083 1647 ex
2105 1600 2379 1658 voluntario,

361 1657 467 1709 sunt
492 1660 616 1725 quasi
645 1661 860 1711 continua
892 1662 1134 1727 respective
1167 1663 1226 1711 ad
1258 1665 1334 1712 illa
1366 1681 1473 1728 quae
1501 1665 1731 1721 exterius;
1766 1676 2042 1730 quapropter
2065 1669 2110 1712 in
2135 1666 2239 1723 illis,
2272 1683 2381 1730 quae

362 1725 550 1775 interius
584 1742 644 1775 ex
682 1727 937 1776 voluntario
974 1729 1244 1792 procedunt,
1280 1729 1343 1777 est
1382 1732 1609 1794 imprimis
1648 1731 1828 1779 affectio
1861 1735 1973 1789 veri,
2010 1747 2115 1778 nam
2141 1733 2291 1782 omnis
2313 1732 2378 1780 af·-

361 1790 499 1840 fec'tio
529 1807 638 1857 quae
667 1794 834 1842 amoris
862 1793 909 1841 in
945 1795 1172 1844 intellectu
1195 1795 1345 1843 influit
1362 1811 1418 1843 ex
1438 1797 1698 1845 voluntario
1718 1796 1848 1861 ejus:
1885 1797 2087 1844 similiter
2110 1797 2150 1844 se
2174 1798 2308 1845 habet
2331 1801 2377 1845 in

361 1857 511 1916 eoelis,
556 1858 638 1907 ubi
676 1858 859 1908 coeleste
892 1861 1114 1924 Regnum
1155 1860 1471 1925 correspondet
1508 1862 1767 1911 voluntario
1804 1863 2018 1918 hominis,
2066 1864 2116 1910 &
2156 1863 2378 1926 spirituale

361 1924 582 1986 Regnum
617 1924 912 1973 Intellectuali
947 1925 1063 1990 ejus,
1110 1927 1317 1975 videatur
1356 1945 1417 1977 n:
1443 1933 1609 2002 9835,
1646 1931 1697 1976 δε
1734 1931 1841 1992 quia·
1879 1929 2022 1975 vestes
2045 1929 2271 1975 Aharonis
2295 1943 2378 1992 Ἴιὀει

359 1987 688 2051 praesentabant
729 1991 953 2054 Regnum>
995 1992 1218 2055 spirituale
1251 1994 1447 2041 Domini
1490 1994 1759 2058 adjunc‘tum
1797 1995 1981 2058 Regno¹
2008 1994 2180 2042 coelesti
2216 1990 2376 2058 Ipsum,

362 2064 422 2101 n:
466 2058 632 2117 9834;
683 2052 786 2102 ideo
830 2058 981 2104 tunica
1026 2057 1364 2119 repraesentabat
1407 2059 1452 2105 id
1502 2061 1628 2122 quod
1667 2061 1883 2106 intimum
1922 2061 1983 2106 ibi
2023 2059 2104 2116 est,
2153 2062 2212 2107 ita
2248 2063 2377 2123 quod

362 2120 574 2182 proxime
596 2135 653 2167 ex
669 2121 838 2182 Regno
853 2121 1024 2168 coelesti
1046 2123 1269 2185 procedit,
1292 2125 1385 2171 e'r'at
1406 2125 1531 2171 enim
1555 2126 1709 2172 tunica
1732 2126 1890 2172 intima
1913 2119 2074 2174 vest-is:
2110 2126 2213 2172 inde
2235 2138 2375 2188 patet,

362 2199 446 2232 cur
467 2196 588 2232 texta
607 2184 682 2232 seu
705 2185 896 2233 tefl‘elata
918 2184 1024 2249 suit,
1057 2188 1108 2234 δε
1132 2202 1213 2235 cur
1233 2199 1288 2236 ex
1312 2187 1472 2252 byffo;
1507 2203 1588 2252 per
1627 2201 1806 2237 textum
1847 2193 1969 2237 enim·
2011 2187 2286 2254 significatur
2325 2194 2376 2238 id

359 2249 488 2314 quod
507 2265 564 2297 ex
582 2251 840 2298 voluntario
865 2250 937 2298 seu
958 2267 1016 2298 ex
1038 2251 1227 2308 coelesti,
1263 2269 1292 2300 n
1313 2272 1324 2301 ι
1353 2272 1414 2319 99
1425 2271 1500 2316 r5,
1534 2257 1585 2302 ὅτ,
1609 2271 1689 2318 per
1712 2255 1890 2318 byssum
1915 2257 2191 2319 significatur
2211 2272 2373 2304 verum

358 2315 487 2380 quod
523 2321 581 2363 ex
616 2327 770 2363 amore
804 2315 1000 2374 coelesti,
1029 2333 1091 2365 n:
1118 2320 1282 2383 94693
1319 2319 1557 2384 spirituale
1592 2322 1720 2383 quod
1755 2329 1812 2368 e'x
1847 2321 2020 2368 coelesti
2057 2323 2193 2369 etiam
2235 2323 2373 2385 fignit

351 2380 610 2444 fleaturper
631 2381 818 2430 Tunicas
836 2384 975 2430 etiarn
999 2383 1102 2430 afibi
1121 2386 1169 2430 in
1189 2385 1362 2442 Verb0,
1398 2385 1511 2434 sicut
1545 2401 1626 2449 per
1639 2387 1834 2445 Tunicas
1867 2387 2000 2447 pellis,
2034 2399 2146 2450 quas
2167 2388 2373 2448 Jehovah

357 2447 490 2493 Deus
527 2448 693 2494 dicitur
727 2447 873 2495 fecisse
913 2449 1087 2495 homini
1124 2450 1175 2497 δε
1209 2452 1340 2498 u'xori
1377 2449 1489 2514 ejuS,
1525 2451 1769 2516 postquam·
1798 2454 2099 2500 comederunt
2129 2457 2186 2500 ex
2218 2454 2371 2501 arbore

358 2509 603 2568 scientiae,”
634 2513 814 2561 Genes:
839 2514 916 2560 iii:
946 2531 1022 2563 20.-
1051 2530 1107 2563 21
1130 2536 1146 2569 3
1181 2517 1306 2578 quod
1342 2530 1422 2578 per
1461 2511 1559 2563 illas
1597 2519 1769 2566 tunicas
1811 2518 2086 2580 significetur
2108 2519 2280 2565 Verum
2313 2535 2371 2566 ex

356 2577 533 2640 origine
551 2576 739 2634 coelesti,
775 2589 865 2626 non
889 2577 990 2625 sciri>
1008 2577 1153 2642 potest
1177 2581 1255 2627 nisi
1280 2581 1509 2628 Histoi-ica
1531 2580 1605 2628 illa
1623 2583 1775 2645 quoad
1800 2581 1972 2629 sensum
1996 2585 2220 2630 internum
2244 2586 2371 2630 evol-

359 2654 542 2699 vantur,
577 2647 853 2708 quap'ropter
887 2645 1213 2708 explicabitur·,
1248 2660 1329 2709 per
1351 2647 1611 2694 Hominem
1648 2650 1698 2695 δε
1727 2641 1939 2695 Uxorem
1973 2647 2068 2712 ejus
2107 2648 2170 2695 ibi
2207 2651 2368 2696 intelli-

357 2709 484 2770 gitur
506 2708 704 2757 Ecclesia
724 2708 933 2766 coelestiS,
967 2726 1047 2773 per
1087 2711 1233 2773 ipsum
1275 2711 1508 2760 hominem
1550 2725 1602 2760 ut
1641 2715 1853 2761 maritum
1877 2712 2077 2761 Ecclesia
2109 2714 2183 2761 illa
2213 2716 2366 2778 quoad

359 2774 554 2830 bonum,
588 2774 639 2821 δε
656 2786 753 2838 ‘per
777 2778 985 2823 Uxorem
1002 2781 1004 2783 ’
1021 2775 1116 2840 ejus
1140 2776 1336 2824 Ecclesia
1370 2778 1447 2824 illa
1484 2779 1636 2841 quoad
1659 2793 1819 2827 verum
1839 2800 1854 2835 3
1889 2779 1976 2827 hoc
1998 2795 2159 2828 verum
2182 2782 2231 2828 &
2256 2781 2371 2827 illud

359 2839 535 2888 bonum
558 2839 647 2887 fuit
668 2853 830 2888 verum
852 2841 902 2888 ec
927 2841 1100 2889 bonum
1125 2843 1341 2891 Ecclefiae
1360 2844 1585 2894 coelestist
1610 2855 1727 2905 'cum
1752 2858 1903 2893 autem
1930 2846 2129 2893 Ecclesia
2151 2846 2224 2893 illa
2247 2846 2366 2909 lapsa

271 2953 274 2956 .
355 2903 463 2962 fuit,
497 2905 624 2968 quod
648 2903 818 2954 facturn
841 2905 904 2954 est
928 2922 1007 2970 per
1030 2909 1384 2956 ratiocinationes
1408 2918 1464 2956 ex·
1486 2909 1738 2958 scientificis
1770 2911 1827 2958 de
1850 2912 1980 2958 Veris
2002 2913 2200 2968 Divinis,
2235 2913 2363 2974 quod

356 2972 407 3020 in
427 2970 552 3021 sensu
575 2973 751 3020 interno
772 2971 1048 3035 significatur
1069 2981 1150 3036 per
1169 2973 1415 3037 serpentem
1439 2976 1519 3040 qui
1541 2976 1778 3039 persuasit,
1814 2975 1887 3024 bic
1909 2977 2085 3039 primus
2105 2977 2240 3024 status
2264 2978 2364 3039 post

357 3036 531 3101 lapsum
565 3037 683 3086 illius
706 3037 921 3086 Ecclesiae
943 3037 1007 3085 est
1028 3039 1109 3102 qui
1132 3038 1194 3085 ibi
1215 3039 1494 3096 describitur,
1528 3053 1580 3090 ac
1602 3058 1763 3090 verum
1786 3041 1881 3107 ejus
1904 3057 1985 3105 per
2006 3043 2179 3091 tunicas
2202 3044 2356 3106 pellis:

356 3103 607 3152 Sciendum
629 3103 710 3161 est,
745 3103 870 3168 quod
908 3119 989 3168 per
1024 3106 1293 3152 creationem
1331 3106 1438 3154 coeli
1470 3107 1520 3154 δε
1552 3121 1684 3155 terrae
1713 3109 1758 3155 in
1783 3109 1941 3156 Primo
1959 3109 2119 3172 Capite
2141 3108 2361 3155 Geneseos

357 3167 407 3215 in
428 3167 550 3218 sensu
572 3171 747 3225 interno
768 3169 1043 3232 intelligatur
1065 3170 1113 3216 &
1137 3170 1405 3219 describatur
1429 3187 1546 3221 nova
1567 3175 1731 3222 creatio
1755 3173 1824 3221 seu
1858 3176 2132 3238 regeneratio
2163 3174 2360 3219 hominis

361 3232 576 3283 Ecclefiae
598 3238 725 3294 tune,
760 3236 1107 3284 itass‘fmstauratio
1131 3236 1343 3287 Ecclesiae
1378 3237 1587 3296 coelestis,
1621 3241 1677 3287 δε-
1693 3240 1925 3303 quod-per
1949 3238 2204 3287 Paradisum
2230 3238 2365 3285 intel·

363 3297 529 3363 ligatur
552 3302 601 3350 &
622 3300 890 3350 describatur
914 3301 1118 3366 sapientia
1140 3302 1187 3350 &
1213 3303 1506 3417 intellilgzentia
1531 3306 1656 3356 illius
1678 3305 1907 3361 Ecclefiae,
1943 3306 1988 3352 &
2031 3320 2110 3367 per
2147 3303 2286 3417 esumb
2304 3320 2360 3351 ex

1373 3384 1384 3399 ⁴
1419 3386 1442 3417 e
1468 3387 1492 3419 2
2208 3386 2252 3416 ar
2289 3386 2364 3417 ore
