2840 3718
477 197 613 258 ωε
1036 182 1101 248 Ε
1191 179 1275 248 Χ
1347 181 1419 248 ο
1514 181 1589 248 D
1684 127 1908 248 τῖε.

476 321 700 377 homines,
733 317 850 366 licut
872 316 1039 372 males,
1079 315 1129 363 &
1155 313 1305 378 plures
1336 312 1429 369 alii,
1467 312 1549 376 qui
1579 312 1730 360 cultus
1752 325 1849 360 erat
1876 310 2125 362 diabolicus
2155 314 2204 363 &
2238 315 2481 376 infernali&

475 403 582 436 nam
612 388 757 435 colere
791 385 996 431 homines
1031 397 1117 445 pro
1142 379 1243 443 Ipso
1265 381 1387 436 Deo,
1422 381 1503 443 qui
1536 379 1600 426 est
1624 380 1874 435 Dominus,
1910 380 1975 428 est
2007 380 2303 442 diabolicum,
2341 384 2483 433 homo

463 455 601 501 'enim
641 450 934 514 conjungitur
967 451 1007 496 ei
1041 449 1121 512 qui
1155 446 1354 502 colitur;
1396 445 1468 492 sed
1506 461 1573 492 res
1610 446 1670 493 ita
1705 445 1746 492 se
1769 446 1917 505 habet,
1959 446 1991 493 fi
2024 447 2166 495 homo
2199 449 2364 498 colitur
2399 467 2484 514 pro

476 526 582 575 c1e0,
621 532 729 565 tunc
755 517 913 579 aliquis
937 531 993 562 ex
1027 514 1202 579 inferno
1239 514 1279 560 ei
1311 510 1628 575 conjungitur,‘
1664 512 1776 558 fides
1801 513 1922 559 enirn
1950 514 2006 561 δε
2029 529 2156 562 amor
2180 515 2483 580 conjungunt,

481 586 593 632 fides
618 585 709 630 veri
745 584 794 630 δε
819 598 947 629 amor
970 582 1078 629 boni
1113 578 1401 642 conjungunt
1436 578 1670 626 hominem
1691 579 1914 636 Domino,
1955 592 2000 627 at
2023 580 2135 628 fides
2160 579 2252 628 falfi
2281 597 2326 630 at
2359 599 2487 639 amor

482 647 590 698 mali
625 647 913 711 coniungunt
938 649 1172 695 hominem
1207 645 1412 693 inferno:
1449 643 1551 691 sunt
1573 646 1694 691 enim
1719 645 1839 708 apud
1867 648 2223 710 unumquemvis
2249 649 2486 697 hominem

481 718 675 780 Spiritus
707 707 765 762 ab
789 713 985 770 inferno,
1025 715 1074 760 δε
1099 713 1202 760 sunt
1223 711 1371 774 angeli
1403 708 1427 758 ὲ
1451 710 1591 766 coelo,
1632 709 1794 773 absque
1828 710 1914 775 illis
1937 712 2078 759 homo
2102 727 2193 760 non
2218 715 2368 762 vivere
2404 731 2487 778 po-

482 782 599 837 test·‚
636 783 667 829 s1
699 782 857 844 aliquis
892 781 1074 834 colitur,
1109 780 1190 843 qui
1214 777 1357 825 fuerat
1381 777 1539 832 horne,
1576 788 1687 823 tunc
1722 775 1900 840 spiritus
1935 777 1993 824 ab
2027 776 2202 826 inferno
2234 791 2486 836 autumant,

480 849 613 912 quod
638 849 719 912 ipfi
743 848 828 895 sint
865 848 945 910 qui
975 846 1204 902 coluntur,
1241 859 1344 891 narn
1369 840 1670 906 unusquisque
1684 842 1739 889 ‘in
1765 840 1940 890 inferno
1963 842 2066 891 vult
2089 844 2201 892 deus
2225 846 2323 903 effe,
2355 848 2406 895 δε
2442 846 2488 894 hi

483 915 660 978 'spiritus
684 915 1026 963 communicant
1054 928 1160 960 eum
1197 910 1506 968 cultumaeum
1531 907 1731 956 societate
1764 907 1967 957 infernali
2000 925 2025 957 e
2046 926 2136 974 qua
2170 910 2301 968 sunt3
2347 926 2491 976 quan-

487 992 588 1028 tum
624 984 772 1044 itaque
813 980 876 1026 illi
909 979 1140 1035 coluntur,
1183 985 1362 1024 tantum
1398 975 1616 1023 recedunt
1649 973 1797 1037 angeli
1829 978 1919 1039 qui·
1947 992 1972 1023 e
2008 977 2160 1033 coelo;
2210 978 2314 1026 inde
2349 979 2493 1027 homo

484 1045 686 1113 aufertur
720 1049 766 1093 in
805 1045 1072 1108 cupiditates
1103 1042 1356 1099 infernales,
1399 1044 1448 1090 δε
1473 1041 1655 1088 tandem
1690 1041 1842 1088 similis
1867 1042 1920 1098 fit
1959 1042 2046 1090 illis
2079 1043 2304 1106 spiritibus
2341 1045 2493 1109 quoad

485 1112 675 1162 olnnem
701 1112 824 1159 suam
846 1113 1008 1167 vitam,
1029 1112 1157 1157 :inter
1180 1125 1295 1172 quos
1319 1110 1458 1156 etiam
1482 1109 1606 1154 venit
1640 1107 1739 1170 post
1766 1120 1960 1155 mortem
1981 1127 1992 1157 ε
2029 1121 2073 1156 at
2096 1125 2223 1167 vero,
2258 1126 2366 1158 cum
2394 1113 2493 1159 Do-

490 1182 640 1228 minus
664 1179 845 1235 colitur,
880 1178 959 1241 qui
994 1175 1058 1223 est
1077 1178 1202 1224 Deus
1227 1175 1337 1222 coeli
1371 1176 1420 1222 δε
1445 1187 1592 1230 terrae,
1630 1184 1739 1220 tunc
1773 1173 1919 1236 angeli
1941 1175 2021 1237 qui
2044 1191 2069 1222 e
2090 1175 2213 1222 coelo
2237 1175 2336 1224 sunt
2370 1177 2494 1241 apud

488 1247 744 1301 hominem,
779 1260 871 1291 non
893 1242 974 1289 sibi
1009 1241 1179 1306 aliquid
1221 1241 1370 1288 cultus
1393 1239 1643 1297 vind-icant,
1679 1239 1784 1302 quia
1823 1239 1887 1286 illi
1929 1256 2068 1288 omne
2103 1249 2264 1289 verum
2300 1242 2408 1290 fidei
2441 1243 2492 1290 ὅτ

490 1313 665 1360 bonum
700 1312 866 1357 amoris
899 1309 1104 1356 tribuunt
1139 1308 1365 1364 Domino,
1410 1306 1461 1352 δι
1485 1304 1606 1353 :nihil
1648 1305 1726 1352 fibi
1746 1323 1766 1360 ’ς
1814 1305 1919 1353 inde
1942 1322 2021 1371 per
2055 1305 2154 1355 illos
2195 1310 2391 1372 aperitur
2422 1310 2495 1357 via

491 1378 632 1441 usque
655 1378 710 1425 ad
735 1376 1189 1440 Ipsum-Dominum,
1229 1374 1325 1431 Qui
1359 1372 1460 1420 illos
1483 1371 1578 1419 Sibi
1601 1369 1843 1435 conjungit
1867 1371 1957 1420 fide
1992 1373 2042 1424 δε
2080 1389 2246 1422 amore.
2317 1375 2392 1422 Ex
2427 1376 2496 1423 his

488 1443 689 1492 constare
713 1442 876 1507 potest,
889 1454 1165 1505 quantopere
1182 1439 1358 1487 interest
1377 1438 1521 1486 colere
1539 1436 1693 1501 Ipsum
1712 1437 1991 1496 Dominum,
2018 1439 2118 1487 Cuiv
2131 1441 2283 1488 omnis
2304 1441 2496 1505 potestas

492 1511 556 1559 est
589 1512 636 1557 in
659 1509 864 1560 coelis&
888 1510 935 1555 in
959 1509 1119 1562 terris,
1138 1518 1191 1552 -ut
1217 1505 1313 1568 Ipse
1340 1504 1452 1551 dicit
1474 1504 1595 1568 apud
1621 1504 1901 1551 Matthaeum
1924 1506 2024 1568 Cap
2043 1523 2054 1553 :
2071 1521 2232 1554 xxvm
2253 1525 2265 1554 t
2291 1512 2363 1556 18.

567 1576 757 1639 10‚643.
794 1575 859 1622 Et
881 1574 1042 1621 statuas
1075 1588 1233 1620 cotum
1259 1570 1355 1618 fran
1438 1571 1490 1625 is,
1527 1569 1652 1634 quod
1676 1569 1897 1633 significet
1932 1571 2060 1635 quod
2099 1570 2202 1620 falsa
2239 1573 2346 1620 mali
2377 1572 2498 1622 diffi-

495 1642 661 1708 panda‚
698 1639 871 1689 constat
890 1655 960 1696 ex
999 1638 1323 1702 significatione
1388 1649 1630 1691 vamarum,
1667 1636 1793 1699 quod
1836 1635 1921 1683 fint
1957 1634 2313 1700 repraesen'tativa
2349 1639 2501 1688 cultus

498 1709 690 1756 Domini
725 1722 782 1754 ex
798 1707 937 1761 ·veriS‚
978 1705 1035 1752 de
1057 1719 1147 1768 qua
1182 1720 1210 1750 n
1231 1704 1409 1767 3-4580,
1434 1705 1584 1766 4582.
1609 1702 1752 1765 9388.
1770 1705 1908 1814 „9389
1931 1723 1945 1758 ;
1970 1702 2036 1751 ’δτ
2061 1703 2107 1750 in
2127 1704 2342 1768 opposito
2379 1705 2501 1754 sensu

500 1773 856 1838 repraesentativa
878 1771 1044 1820 Cultus
1078 1769 1365 1825 idololatrici,
1405 1784 1463 1816 ex
1486 1767 1614 1815 fallis.
1683 1767 1798 1831 Quo
1854 1767 2027 1829 Statuae
2047 1769 2182 1818 effent
2219 1770 2503 1834 repraesenta-

500 1843 611 1889 tivae
628 1840 942 1897 Cultus,=e3rat,
978 1838 1087 1901 quia
1118 1836 1239 1900 apud
1263 1837 1471 1898 antiquos
1505 1835 1552 1881 in
1575 1833 1655 1881 usu
1689 1831 1778 1881 fuit
1801 1832 1963 1882 statuas
1987 1851 2167 1898 ponere,
2203 1837 2258 1884 ,ὅτ
2283 1836 2380 1885 illas
2403 1838 2505 1887 oleo

487 1921 687 1970 ungere,
723 1907 772 1953 ὅτ,
796 1905 856 1952 fic
892 1903 1186 1951 sanftificare:
1234 1903 1407 1965 antiqui
1443 1901 1674 1966 praecipue
1705 1899 1882 1948 cultum
1916 1899 2047 1949 suurn
2086 1901 2336 1952 habuerunt
2372 1903 2504 1969 super

501 1972 752 2028 montibuS‚
776 1971 918 2035 *super
948 1969 1157 2025 collibus,
1188 1984 1240 2016 ac
1263 1969 1309 2016 in
1333 1968 1461 2024 lucis,
1498 1967 1561 2014 ibi
1585 1965 1747 2014 statuas
1770 1966 2030 2030 ponebant3
2067 1969 2196 2032 quod>
2219 1968 2348 2033 super
2372 1985 2504 2021 mon*-

487 2039 639 2096 ·tibus,
679 2035 937 2099 eratwcausa‚
974 2037 1082 2100 quia
1104 2046 1281 2083 montes
1305 2033 1615 2098 fignificabant
1637 2033 1811 2080 coelum
1835 2026 2080 2082 ubilamor
2105 2030 2295 2085 coele'stis
2329 2051 2504 2102 tegnat,

485 2106 584 2170 ⁴qui
617 2103 682 2152 est
714 2119 844 2152 amor
877 2104 926 2150 in
947 2102 1240 2157 Dominum;
1277 2099 1405 2164 quod
1427 2100 1556 2164 super
1576 2099 1784 2156 collibus,
1820 2112 1913 2150 erat
1943 2099 2073 2149 causa
2105 2102 2218 2166 quia>
2245 2101 2381 2151 colles
2416 2102 2505 2167 fig-

503 2170 745 2224 nificabant
765 2169 958 2227 coelum,
996 2168 1077 2216 ubi
1105 2183 1234 2216 amor
1256 2167 1491 2231 spiritualis
1525 2178 1696 2230 regnat,
1736 2165 1817 2229 qui
1839 2165 1904 2214 est
1925 2182 2055 2215 amor
2074 2182 2180 2231 erga
2204 2170 2464 2232 proximum
2488 2192 2504 2225 ς

474 2238 556 2285 2&
579 2237 706 2300 quod
725 2238 786 2284 vin
825 2236 956 2292 lucis,
991 2247 1085 2282 erat
1114 2232 1243 2281 causa
1273 2234 1380 2296 quia
1413 2232 1504 2281 luci
1541 2231 1848 2295 fignifiCabant
1884 2231 2116 2280 coelestem
2156 2232 2413 2297 sapientiam
2453 2237 2503 2282 δε

507 2303 849 2366 intelligentiam
873 2323 888 2357 3
924 2302 1082 2348 omnia
1103 2300 1203 2347 haec
1225 2313 1281 2346 ex
1304 2297 1720 2362 Correspondentiis
1740 2317 1756 2352 ·‚
1801 2296 1959 2344 statuae
1978 2313 2086 2361 quae
2113 2297 2175 2345 ibi
2204 2299 2504 2362 ponebantur,

509 2369 818 2432 significabant
842 2368 1069 2414 Divinum
1086 2367 1281 2422 Verum,
1317 2381 1421 2411 nam
1463 2364 1619 2428 statuae
1657 2374 1781 2410 erant
1816 2362 2000 2426 lapides,
2046 2364 2099 2413 ὅτ
2136 2365 2247 2428 lapis
2285 2365 2507 2431 fignificat

499 2450 689 2490 merum,
723 2435 827 2482 ideo
850 2434 1082 2481 Dominus
1114 2429 1264 2496 quoad
1288 2429 1514 2478 Divinum
1538 2429 1716 2476 Verum
1738 2431 1786 2476 in
1808 2429 1963 2477 Verbo
1997 2442 2185 2483 vocatur
2209 2431 2351 2495 Lapis
2376 2432 2507 2481 lsrae-

499 2503 591 2550 lis:
638 2501 742 2548 inde
765 2515 886 2548 nunc
908 2499 989 2556 est,
1025 2498 1152 2562 quod
1176 2497 1333 2544 stattrae
1357 2495 1707 2561 significaverint
1730 2493 1907 2543 cultum
1929 2496 2119 2544 Domini
2151 2512 2208 2544 ex
2231 2498 2348 2547 veris
2372 2517 2383 2547 :
2432 2497 2508 2547 sed

500 2583 624 2614 vcum
659 2565 1016 2630 repraesentativa
1049 2563 1281 2620 Ecclesiae,
1326 2578 1433 2627 quae
1466 2562 1587 2626 apud
1622 2562 1830 2625 antiquos
1869 2559 2068 2618 fuerunt,
2114 2564 2231 2625 ‘verti
2262 2565 2426 2628 partim
2461 2567 2509 2613 in

502 2632 808 2689 :idololatricffl
828 2632 881 2679 δε
904 2631 1071 2694 partim
1095 2631 1139 2677 in
1165 2631 1342 2692 magica
1360 2639 1611 2692 caeperunt,
1633 2641 1746 2675 tunc
1769 2627 1872 2674 talia
1893 2627 2107 2691 abrogata
2131 2628 2249 2686 sunt',
2285 2632 2510 2694 imprimis

518 2698 640 2762 apud
661 2710 849 2760 gentem
872 2696 1171 2751 Israeliticam‚
1216 2711 1323 2758 quae
1351 2692 1487 2757 eorde
1521 2693 1754 2741 idololatra
1774 2692 1861 2740 fuit
1880 2715 1896 2748 ·‚
1943 2695 2048 2740 inde
2068 2692 2133 2741 est
2153 2692 2281 2758 quod
2312 2712 2394 2759 per
2424 2697 2510 2744 sta·
2544 2713 2549 2715 ·

505 2777 615 2813 tuas
650 2763 926 2827 significetur
956 2761 1107 2808 cultus
1140 2761 1445 2808 idololatricus
1477 2775 1532 2807 ex
1555 2757 1700 2807 falsis:
1748 2761 1809 2806 ita
1842 2757 1883 2805 se
1903 2758 2037 2807 habet
2068 2775 2177 2807 cum
2198 2764 2327 2809 omni
2350 2762 2510 2821 cultu;

521 2830 704 2895 quando
729 2829 868 2876 homo
892 2827 945 2875 fit
964 2839 1186 2883 externus,
1223 2826 1351 2890 quod
1373 2826 1428 2872 fit
1449 2840 1556 2872 cum
1581 2824 1745 2888 speetat
1778 2824 1819 2872 se
1853 2825 1904 2872 &
1929 2825 2160 2873 mundum
2185 2839 2236 2874 ut
2258 2828 2415 2886 finem,
2457 2845 2510 2878 ac

521 2896 693 2945 Divina
714 2894 930 2951 Ecclesiae
962 2905 1013 2941 ut
1038 2893 1216 2947 media·,
1259 2908 1364 2939 nam
1389 2897 1500 2939 tu'nc
1524 2893 1677 2939 omnia
1704 2889 1778 2938 illa
1801 2905 1908 2954 quae
1937 2890 2087 2956 cultus
2109 2890 2226 2947 sunt,
2265 2895 2386 2956 apud
2411 2894 2510 2943 illos

523 2964 602 3025 qui
628 2964 672 3008 in
694 2962 824 3008 cultu
855 2971 1053 3016 manent,
1094 2957 1209 3006 fiunt
1234 2958 1370 3014 idola,
1407 2958 1624 3021 quoniam
1646 2956 1860 3004 coluntur
1890 2969 2077 3005 externa
2104 2957 2266 3023 absque
2291 2962 2472 3007 internis
2493 2984 2507 3017 ;

508 3028 629 3075 *inde
652 3043 756 3074 vera
793 3025 943 3072 culius
980 3026 1030 3073 ὅτ
1052 3024 1272 3072 ὀοᾶτίηατ
1310 3024 1427 3071 fiunt
1466 3021 1583 3080 falsa,
1621 3021 1907 3070 falfificantur
1927 3023 2047 3070 enim
2086 3032 2173 3087 per?
2201 3025 2321 3071 ideas
2362 3024 2426 3072 sui
2460 3028 2510 3074 δε

526 3093 688 3140 mundi
725 3094 771 3138 in
802 3091 908 3149 illis,
942 3091 1111 3155 quibus
1145 3089 1456 3154 adjunguntur
1476 3089 1624 3152 pl'ures
1647 3089 1747 3136 a'liae
1778 3087 1910 3146 ideae',
1945 3102 2051 3151 quae
2073 3089 2296 3136 Divinum
2333 3106 2357 3136 a
2395 3095 2512 3140 veris

520 3159 608 3207 illis
632 3158 880 3215 abducunt,
920 3159 970 3206 ὅτ
1008 3156 1065 3204 ad
1089 3154 1133 3204 se‘
1161 3156 1211 3205 &
1246 3156 1299 3203 ad
1329 3154 1555 3203 mundum
1593 3152 1877 3203 transferunt.
1944 3154 2060 3203 Hoc
2093 3169 2276 3218 quoque
2314 3156 2536 3206 constare-

1226 3286 1234 3293 ,
1309 3237 1336 3283 3
1749 3282 1752 3285 ῃ
2358 3224 2512 3287 potest
