2840 3718
500 217 635 282 612
908 217 911 220 ·
1043 207 1107 274 E
1199 203 1281 274 Χ
1359 203 1424 274 o
1514 206 1592 274 D
1683 161 1908 275 0⁴3.

495 312 626 408 supra
659 336 959 402 n210,619;
1004 335 1054 387 &
1076 349 1133 382 ex
1156 332 1484 397 significatione
1522 333 1579 383 ad
1606 333 1763 392 millia,
1798 332 1926 399 quod
1960 331 2016 384 fit
2053 334 2101 384 in
2137 337 2414 403 perpetuum
2442 339 2501 392 &e
2531 385 2534 388 .

494 408 542 456 in
566 420 806 462 aeternum,
844 404 900 451 de
922 417 1015 467 qua
1049 418 1109 449 n:
1133 404 1276 464 2575.
1307 404 1448 464 8515.
1837 418 1839 420 ·

532 502 536 506 ᾗ
569 475 755 530 10,(›21.
793 472 957 518 Ferens
981 469 1287 532 iniquitatem,
1325 467 1762 531 praevaricationem,
1798 468 1848 516 ὅτ
1883 480 2141 533 peccatum,
2176 472 2304 534 quod
2329 472 2506 538 fignifi-

493 552 565 587 cet
588 540 889 587 remotionem
918 536 1023 583 mali
1047 538 1096 584 &
1114 531 1207 596 ejus
1225 532 1321 580 falfi
1346 547 1397 582 ut
1419 550 1510 582 non
1529 549 1756 600 appareat,
1780 536 1956 584 constat
1974 553 2031 583 ex
2047 537 2376 602 significatione
2391 540 2521 601 ferrae,

493 606 568 654 seu
597 606 769 661 tollere,
805 603 931 667 quod
955 602 1008 650 fit
1032 617 1264 650 removere
1288 613 1341 649 ut
1366 618 1457 649 non
1481 614 1690 666 appareat
1723 603 1780 650 de
1803 618 1894 666 qua
1917 602 2146 668 sequitur;
2183 605 2232 652 δι
2255 607 2530 671 ex·fignifi-‘”

491 675 668 720 catione
705 671 970 735 iniquitatis,
1006 668 1403 733 praevaricationis,
1438 669 1702 732 &.peccati>,
1742 669 1868 734 quod
1894 669 1978 718 sint
2003 668 2134 728 mala,
2169 672 2220 719 &
2259 675 2369 736 quia
2402 673 2508 723 sunt

492 739 625 796 mala,
662 740 797 786 etiam
821 737 923 784 sunt
946 749 1105 783 eorum
1131 732 1249 790 falsa,
1287 750 1391 782 nam
1417 737 1767 799 unumquodvis
1806 736 1980 784 malum
2005 736 2304 801 conjunstum
2327 738 2391 787 est
2424 741 2507 790 suo

490 805 637 863 fals03
674 803 749 852 sed
773 804 1009 868 quodnam
1035 800 1210 848 malum
1246 800 1524 867 significatur
1562 818 1644 866 per
1670 802 1974 866 iniquitatem,
2021 803 2262 867 quodnam
2281 821 2362 869 per
2384 807 2504 870 prae-
2539 840 2542 841 γ

489 872 831 926 varicationem,
867 870 916 917 &
941 867 1175 933 quodnam
1212 883 1293 931 per
1317 880 1572 932 peccatum,
1606 866 1815 916 videatur
1836 877 1894 917 n:
1916 871 2062 934 9156.
2131 871 2278 935 Qod
2314 871 2428 921 ferre
2450 874 2503 923 δε

488 939 648 987 tollere
675 937 847 986 malum
874 935 926 983 fit
948 950 1180 983 removere
1203 934 1316 981 illud
1342 947 1392 981 ut
1409 951 1499 982 non
1525 946 1748 999 appareat,
1782 933 1846 984 est
1862 937 1968 1000 quia
1986 936 2100 984 mala
2122 938 2244 1001 apud
2268 938 2506 988 hominem⁴

487 1022 582 1054 non
607 1005 705 1053 tolli
729 999 924 1069 poffunt,
962 1001 1035 1050 sed
1059 1001 1202 1049 modo
1224 1002 1449 1048 removeri
1467 1014 1518 1049 ut
1536 1018 1627 1049 non
1650 1015 1907 1066 appareant,
1943 1004 1992 1051 δε
2013 1018 2122 1050 cum
2163 1020 2254 1051 non
2287 1018 2504 1069 apparent

488 1072 688 1119 creditur
711 1070 836 1134 quod
862 1068 1034 1116 sublata
1056 1067 1142 1115 fint
1164 1089 1178 1124 ;
1215 1067 1320 1115 ideo
1345 1069 1390 1114 in
1413 1066 1535 1115 sensu
1560 1068 1703 1116 literae
1728 1069 1866 1116 Verbi
1904 1066 2074 1117 dicit‘ur
2117 1069 2245 1134 quod
2272 1071 2417 1120 ablata
2449 1074 2518 1120 &-

486 1138 668 1203 prorsus
692 1135 851 1201 rejetfta
875 1135 958 1182 sint
979 1157 994 1192 ·,
1028 1134 1156 1198 quod
1176 1133 1292 1181 mala
1315 1134 1435 1198 apud
1467 1134 1702 1182 hominem
1727 1151 1818 1184 non
1844 1132 2131 1195 auferantur„
2150 1136 2224 1184 sed
2251 1138 2396 1187 modo
2431 1154 2501 1187 re-

487 1216 760 1258 moveantur
782 1214 834 1248 ut
859 1217 950 1248 non
975 1212 1234 1264 appareant,
1269 1200 1478 1248 videatur
1502 1202 1547 1248 in
1566 1201 1677 1249 locis
1701 1202 1862 1258 citatis,
1904 1217 1933 1249 n
1960 1217 2209 1266 :010,057.
2240 1221 2256 1240 ³
2451 1223 2457 1232 ¹

514 1317 519 1320 .
552 1275 745 1328 1o,622.
783 1269 847 1316 Et
867 1266 1144 1315 absolvendo
1167 1282 1259 1314 non
1283 1266 1498 1323 absolvet,
1541 1268 1670 1332 quod
1703 1267 1928 1331 significet
1962 1268 2248 1318 tolerantiam
2272 1265 2412 1336 usque
2434 1273 2494 1320 ad

484 1336 943 1391 consummationem,
978 1333 1150 1381 constat
1172 1347 1228 1379 ex
1260 1332 1588 1396 significatione
1617 1334 1858 1392 absolvere,
1894 1335 2023 1398 quod
2063 1335 2117 1384 fit
2152 1349 2394 1400 peccatum
2435 1355 2515 1388 re-²

486 1405 681 1461 mittere,
718 1414 764 1450 at
787 1417 895 1450 cum
921 1400 1102 1448 additur
1130 1415 1212 1446 non
1234 1399 1441 1463 absolvet,
1475 1400 1540 1447 est
1561 1401 1746 1465 tolerare
1771 1424 1785 1457 3
1821 1402 1950 1466 quod
1975 1402 2028 1450 fit
2052 1401 2192 1467 usque
2214 1403 2270 1452 ad
2288 1404 2512 1454 consum··

487 1472 751 1527 mationem,
786 1468 849 1515 est
872 1468 979 1531 quia
1002 1482 1025 1513 a
1047 1466 1257 1514 Domino
1281 1466 1452 1513 malum
1477 1467 1688 1514 toleratur
1720 1468 1860 1531 usque
1892 1469 2006 1516 dum
2031 1469 2401 1519 consummatum
2426 1471 2507 1524 seu

485 1537 731 1601 impletum
754 1534 831 1583 est.
903 1534 954 1581 In
979 1530 1135 1581 Verbo
1158 1533 1313 1597 passim
1333 1531 1501 1579 dicitur
1518 1534 1851 1582 consummatio
1874 1533 2042 1592 saeculi,
2073 1537 2127 1582 ·&
2147 1537 2206 1583 de
2224 1537 2347 1585 malo
2367 1540 2497 1602 quod

486 1605 855 1652 consummatum
880 1599 933 1648 fit
970 1598 1041 1646 vel
1083 1615 1174 1646 non
1198 1598 1600 1658 consummatum3
1637 1600 1686 1647 &
1723 1601 2331 1663 quandosscorrsummatum
2367 1605 2496 1667 quod

486 1682 595 1718 tunc
615 1669 806 1717 visitatio
832 1685 843 1715 ε
882 1666 967 1714 hoc
991 1665 1097 1729 quia
1121 1663 1397 1725 significatur
1419 1680 1499 1728 per
1531 1665 1607 1712 illa
1642 1665 1793 1724 verba,
1827 1666 2103 1714 absolvendo
2142 1683 2233 1716 non
2279 1664 2519 1729 absolvens

484 1737 641 1801 paucis
665 1735 856 1791 dicetur,
891 1733 1005 1798 quid
1030 1747 1111 1796 per
1133 1731 1179 1778 id
1205 1731 1502 1795 intelligitur:
1539 1732 1585 1779 in
1622 1734 1827 1780 communi
1847 1747 1927 1796 per
1959 1733 2399 1784 consummationem
2426 1739 2499 1785 in·

484 1802 704 1865 telligitur
728 1801 828 1848 finis
851 1797 1066 1848 Ecclefiae
1087 1820 1102 1854 ·,
1141 1797 1190 1846 &
1214 1809 1325 1845 tunc
1362 1797 1479 1845 finis*
1497 1796 1592 1862 ejus
1615 1798 1694 1856 est,
1730 1800 1918 1863 quando
1940 1800 2134 1864 amplius
2165 1801 2286 1850 nulla
2308 1802 2505 1852 charitas

485 1871 535 1917 δε
559 1869 682 1917 nulla
705 1867 835 1924 fides,
869 1867 975 1929 quia
1014 1864 1347 1913 tuncAEcclefia
1387 1863 1427 1911 se
1465 1865 1643 1927 prorsus
1683 1868 1844 1913 avertit
1873 1882 1898 1913 a
1929 1867 2155 1925 Domino,
2189 1869 2240 1915 &
2270 1884 2362 1917 non
2396 1886 2500 1918 am-

400 1981 405 1987 ,
483 1935 603 2000 plius
627 1937 673 1982 in
697 1935 850 1998 aliquo
870 1932 992 1979 bono
1017 1929 1097 1987 est,
1126 1929 1198 1978 sed
1226 1931 1271 1976 in
1297 1929 1450 1986 malo;
1488 1944 1598 1979 tunc
1620 1932 1788 1980 dicitur
1811 1932 2143 1982 consummatio
2165 1932 2276 1998 ejus,
2311 1936 2362 1986 &
2386 1948 2510 1985 tunc-

483 2003 538 2050 fit
559 2001 784 2056 visitatio;
829 2014 936 2046 curn
962 1997 1172 2053 visitatio,
1208 1993 1472 2060 rejiciuntur
1494 2013 1654 2046 omnes
1678 1998 1742 2046 illi
1764 1999 1845 2063 qui
1869 2001 1914 2047 in
1940 1999 2061 2048 malo
2094 1997 2214 2058 sunt,
2246 2003 2298 2049 &
2329 2005 2495 2068 recipi·-
2538 2032 2541 2035 ·

483 2081 622 2116 untur
639 2082 799 2116 omnes
821 2067 901 2130 qui
926 2063 1118 2112 inbono
1132 2065 1149 2119 ’ς
1174 2063 1372 2111 visitatio
1398 2064 1453 2111 fit
1486 2066 1532 2112 in
1556 2064 1690 2112 altera
1713 2067 1826 2124 vita,
1851 2067 1931 2114 ubi
1953 2082 2113 2114 omnes
2133 2066 2267 2115 simul
2290 2066 2393 2119 sunt
2413 2071 2499 2134 qui.

483 2134 669 2184 fuerunt
687 2135 742 2182 ab
758 2132 957 2181 Ecclesia
975 2147 1000 2178 a
1024 2130 1247 2195 principio
1270 2127 1366 2193 ejus
1390 2130 1527 2195 usque
1549 2132 1605 2178 ad
1629 2132 1767 2179 finem
1798 2131 1893 2197 ejus
1915 2155 1930 2189 ;
1964 2131 2145 2197 rejectio
2183 2134 2409 2184 malorum
2444 2138 2497 2185 irr

484 2201 730 2258 infernum,
767 2201 815 2248 δε
840 2197 1025 2246 salvatio
1049 2196 1277 2243 bonorum
1297 2209 1424 2253 tunc,
1459 2197 1524 2244 est
1545 2213 1653 2261 quae
1675 2202 1865 2247 vocatur
1888 2200 2105 2247 ultimum
2122 2198 2368 2263 judicium.
2437 2203 2494 2251 ln

477 2267 743 2330 particulari
778 2267 832 2312 fit
872 2263 1202 2312 consummatio
1239 2262 1360 2325 apud
1394 2266 1751 2327 unumquemvis
1788 2265 2023 2312 hominem
2071 2281 2210 2328 poene
2249 2267 2452 2315 fimiliter
2471 2291 2497 2326 3-

485 2333 679 2398 quilibet
713 2347 820 2379 cum
847 2333 891 2377 in
916 2330 1101 2393 alteram
1124 2330 1266 2375 vitam
1290 2329 1434 2384 venit,
1469 2330 1596 2392 quod
1619 2330 1672 2376 fit
1701 2329 1850 2378 statim
1885 2331 1988 2394 post
2027 2345 2241 2389 mortem,
2277 2333 2490 2382 toleratur

406 2430 408 2433 v
484 2403 598 2448 inter
621 2400 782 2455 bonos,
819 2396 989 2445 tametsi
1016 2393 1161 2459 malus
1187 2415 1202 2450 ·,
1238 2392 1312 2441 sed
1335 2393 1438 2458 post
1459 2396 1657 2459 aliquem
1673 2396 1874 2460 elapsum
1898 2398 2115 2461 temporis
2139 2399 2399 2461 aperiuntur
2415 2401 2486 2448 in-

485 2468 646 2520 teriora
668 2464 780 2530 ejus,
817 2464 971 2526 sil-haec
997 2460 1138 2517 mala,‘
1166 2470 1277 2507 tunc
1307 2475 1388 2523 per
1409 2461 1577 2524 gradus
1601 2461 1741 2510 fertur
1780 2466 1827 2512 in
1871 2463 2004 2512 suum
2046 2463 2238 2521 malum,
2273 2460 2413 2531 usque
2434 2479 2489 2516 ut

485 2533 538 2581 fit
563 2533 692 2580 suum
719 2530 892 2579 malum
930 2527 1082 2592 quoad
1113 2526 1417 2583 voluntatem,
1451 2529 1503 2576 ὅτ
1541 2527 1605 2576 sui
1639 2530 1746 2577 mali
1778 2528 1938 2593 falsum
1972 2530 2124 2594 quoad
2173 2531 2449 2582 intellediurn
2468 2554 2495 2591 3„

482 2599 570 2647 hoc
594 2599 714 2647 fafito
738 2598 909 2644 malum
935 2595 1102 2642 dicitur
1123 2592 1489 2641 consummatum
1513 2594 1638 2659 apud
1672 2595 1834 2654 illum„
1858 2598 1908 2644 &
1945 2610 2055 2653 tunc
2085 2595 2325 2661 conjicitur
2346 2599 2394 2646 in
2411 2601 2486 2648 ‘in-

484 2665 704 2720 fernum3
741 2665 839 2710 haec
876 2662 976 2708 sunt
1015 2674 1122 2723 quae
1160 2659 1491 2721 intelliguntur,
1526 2677 1607 2725 pet
1651 2661 1925 2710 absolvendo
1958 2678 2050 2710 non
2073 2662 2307 2713 absolvet:
2342 2664 2496 2715 limile·

485 2748 565 2796 per
587 2731 713 2794 quod
736 2728 943 2790 ‘jehovah
966 2726 1086 2773 dixit
1107 2723 1163 2770 ad
1190 2723 1428 2781 Moschen,
1463 2731 1500 2754 “
1522 2727 1667 2774 Nunc
1709 2728 1842 2784 vade,
1876 2728 1968 2775 duc
2006 2730 2233 2793 populum
2268 2730 2325 2777 ad
2356 2732 2485 2794 quod

483 2799 585 2845 elixi
602 2798 683 2844 tibi
711 2818 728 2850 ·‚‚
761 2810 862 2841 ecce
887 2791 1097 2855 Angelus
1125 2805 1253 2837 meus
1277 2789 1359 2837 ibit
1381 2806 1534 2839 coram
1557 2804 1601 2840 te
1621 2815 1636 2849 ;
1672 2793 1722 2841 ὅτ
1745 2795 1791 2841 in
1813 2795 1880 2842 die
1900 2795 2280 2857 visttationis·meae
2302 2795 2489 2856 visttabo

472 2867 605 2928 super
642 2863 734 2909 illos
767 2869 984 2923 peccatum
1022 2872 1178 2911 eorum,
1216 2856 1380 2903 Exod:
1404 2871 1574 2907 xxxii:
1600 2876 1678 2923 34.
1727 2860 1894 2920 vQuod
1924 2860 2255 2909 consummatio
2294 2863 2350 2910 fit
2379 2863 2483 2912 finis

484 2929 715 2985 Ecclesiae,
757 2926 926 2974 constat
947 2940 1003 2972 ex
1027 2924 1095 2971 his
1125 2922 1442 2984 sequentibus3
1478 2925 1598 2988 apud
1633 2927 1894 2988 Jeremiatn,
1937 2931 1971 2955 “
2007 2928 2110 2982 Cum
2133 2928 2288 2985 Israele
2308 2928 2364 2977 &
2385 2945 2478 2977 mm

484 2995 656 3060 Jehuda
688 3010 766 3042 non
784 2994 952 3056 faciam
987 2990 1397 3053 consummationem,
1431 2992 1512 3039 nec
1551 2995 1803 3041 innocentem
1841 2993 2044 3041 reddendo
2077 2993 2251 3042 reddam
2278 3005 2336 3053 te,
2372 2997 2484 3057 quia

482 3064 766 3126 desperatum
804 3059 866 3105 est
889 3055 1186 3113 consraeftioni
1209 3067 1318 3109 tuae‚
1354 3070 1476 3121 aegra
1511 3057 1644 3121 plaga
1687 3060 1774 3117 est,
1821 3056 2149 3114 medicamenta
2184 3058 2487 3108 restitutionis

480 3146 572 3177 non
598 3128 730 3184 tibi,''
763 3141 903 3173 xxxxi
925 3142 1025 3174 :11-
1059 3121 1236 3183 12.'13.
1263 3121 1390 3182 Cap:
1419 3140 1564 3172 xtvn
1592 3128 1651 3173 28
1674 3142 1687 3172 ε
1711 3125 1831 3188 apud
1854 3126 2087 3187 Eundem,
2122 3130 2157 3154 ‘⁶
2180 3125 2476 3188 Consttmmata

481 3196 536 3255 αἱ
558 3197 760 3259 iniqnitas
777 3202 854 3240 tua
878 3192 967 3238 filia
991 3190 1111 3242 Zion
1127 3208 1144 3243 ·‚
1177 3184 1373 3246 visitabit
1394 3191 1660 3256 iniquitatem
1689 3202 1810 3240 tuam
1840 3190 1930 3239 filia
1951 3190 2141 3249 Edomi,
2178 3189 2475 3240 manifestabit

2366 3274 2475 3322 pec-
