2840 3718
523 239 527 242 >
626 205 963 270 CAPUT
1010 202 1572 268 VIGESIMUM
1618 200 2138 263 OCTAVUM.
2300 227 2426 287 193
2477 245 2485 247 <

404 328 619 393 spirituali
657 332 701 379 in
739 330 888 380 forma
921 343 1116 389 externa,
1159 332 1206 378 in
1230 330 1356 394 quod
1380 330 1588 378 desinunt
1621 329 1847 386 interiora,
1888 327 1946 375 de
1969 343 2058 392 qua
2096 345 2154 377 n
2144 346 2154 356 ·
2178 333 2324 394 9824,
2361 331 2423 377 ita

401 412 539 444 omne
562 410 799 446 externum
825 399 942 446 illius
965 399 1132 462 Regni.

470 469 615 529 9897.
652 466 703 512 In
741 465 822 512 filo
855 466 1148 528 hyacinthini,
1184 464 1310 527 quod
1336 464 1556 528 significet
1578 479 1658 527 per
1679 462 1910 510 coelestem
1936 478 2136 510 amorem
2164 463 2274 519 veri,
2309 479 2418 510 con-

399 482 499 577 stat
521 547 579 578 ex
619 530 942 603 significatione
982 531 1049 577 fili
1087 530 1380 593 hyacinthini,
1432 531 1560 593 quod
1597 529 1651 576 fit
1692 530 1886 577 coelestis
1925 546 2052 577 amor
2087 530 2200 586 veri,
2235 530 2293 577 de
2328 547 2419 594 qua

398 611 462 642 n.
557 598 633 645 66.
695 599 753 644 68
868 599 958 660 83

450 613 730 727 99849819ὶά
753 613 988 726 gffe9su3pei·
1009 662 1197 726 cingulo
1219 662 1404 726 ephodi,
1438 632 1567 726 quod
1602 662 1825 725 significet
1858 675 1909 710 ut
1938 663 2256 723 conservetur
2246 683 2290 712 m
2316 682 2417 729 per-

397 740 590 842 ligetuum
615 730 661 776 in
685 728 764 777 suo
786 745 905 777 nexu
930 730 1014 776 ὅτ.
1004 746 1050 777 in
1072 729 1148 776 sua
1171 727 1334 786 forma,
1371 728 1543 777 constat
1565 745 1622 776 ex
1646 729 1730 776 illis
1755 746 1861 793 quae
1885 730 2014 792 supra
2035 747 2085 777 n:
2114 735 2260 795 9895,
2298 733 2419 780 dreia

423 807 504 842 unt

466 865 610 926 9899.
647 862 749 909 Nec
773 862 947 910 recedet
971 863 1199 911 Pectorale
1231 879 1256 910 a
1290 861 1420 926 super
1441 813 1661 925 Ephodo,
1696 862 1820 925 quod
1859 862 2081 925 significet
2120 865 2272 911 omnia
2311 865 2421 912 coeli

397 927 698 991 inseparabilia
737 929 793 976 ab
813 930 1008 975 externis
1032 930 1185 992 Regni
1209 929 1464 991 spiritualis,
1501 928 1673 976 constat
1711 945 1768 975 ex
1807 928 2133 991 significatione
2167 947 2257 977 non
2298 947 2419 978 rece·

399 993 518 1051 dere,
554 994 680 1058 quod
718 994 772 1042 fit
810 1010 902 1041 non
942 994 1156 1058 separari;
1190 1011 1247 1041 ex
1281 994 1514 1058 significati
1517 1010 1602 1042 one
1625 995 1885 1050 Pe&oralis‚
1921 995 2048 1057 quod
2090 996 2144 1042 fit
2179 996 2419 1060 repraesen·

400 1061 594 1109 tativum
617 1061 829 1108 omnium
854 1060 981 1117 coeli,
1017 1060 1074 1108 de
1106 1077 1211 1124 qua
1229 1077 1292 1109 n:
1319 1065 1464 1125 9879.
1491 1066 1655 1125 9887,
1692 1061 1739 1107 &
1774 1075 1829 1107 ex
1864 1060 2188 1124 significatione
2212 1064 2419 1127 Ephodi,

397 1127 525 1190 quod
548 1127 601 1174 fit
624 1142 762 1174 omne
782 1139 1020 1174 externum
1046 1128 1199 1190 Regni
1223 1126 1477 1190 spiritualis,
1514 1127 1571 1174 de
1594 1143 1684 1190 qua
1706 1143 1768 1173 n:
1797 1131 1940 1189 9824.
1972 1129 2116 1191 9896.

425 1210 614 1273 ·99oo.
650 1194 724 1241 Et
737 1193 935 1256 portabit
960 1194 1146 1241 Aharon
1169 1195 1353 1241 nomina
1377 1194 1576 1242 filiorum
1602 1193 1784 1249 Israelis,
1820 1194 1948 1256 quod
1984 1193 2203 1257 significet
2243 1197 2415 1245 conser-

342 1258 356 1262 ἶ
395 1265 624 1312 vationem
649 1259 759 1307 boni
781 1263 831 1310 &
855 1260 950 1307 veri
971 1261 1122 1323 quoad
1146 1277 1283 1308 omne
1306 1260 1438 1324 quale
1472 1277 1497 1307 a
1520 1261 1749 1316 Domino,
1787 1260 1960 1307 constat
1998 1277 2055 1307 ex
2092 1262 2418 1326 significatione

396 1342 590 1394 portare,
626 1342 734 1383 cum
759 1326 815 1374 de
838 1326 1073 1383 Pectorali,
1110 1343 1190 1391 per
1218 1329 1347 1390 quod
1380 1326 1688 1390 significantur
1728 1327 1882 1373 omnia
1919 1326 2037 1374 bona
2068 1301 2159 1375 ὅτε
2153 1345 2257 1377 vera
2292 1332 2431 1389 coeli,

296 1393 301 1398 ’
395 1413 457 1444 n:
482 1399 631 1459 9879.
655 1395 802 1458 9887,
836 1392 979 1469 quod·
996 1393 1050 1440 fit
1082 1392 1357 1450 conservare,
1393 1393 1519 1456 quod
1551 1395 1673 1440 enim
1707 1405 1911 1456 portatur
1944 1392 2074 1456 super
2096 1397 2294 1458 peciore‚
2329 1396 2419 1446 hoc

397 1461 716 1516 conservatur;
752 1459 881 1523 quod
922 1460 1057 1507 etiam
1099 1472 1292 1523 portare,
1329 1475 1450 1506 cum
1462 1459 1517 1506 de
1541 1460 1734 1515 Divino,
1770 1459 1823 1506 fit
1847 1461 2090 1507 continere
2100 1464 2145 1508 in
2171 1461 2284 1510 statu
2312 1464 2417 1511 boni

395 1530 445 1578 δι
470 1529 581 1584 veri,
617 1526 821 1574 videatur
849 1542 910 1574 n:
939 1543 1085 1590 9500.
1112 1541 1276 1591 9737·,
1310 1542 1367 1573 ex
1393 1524 1777 1589 repraesentatione
1802 1525 2046 1581 Aharonis,
2083 1529 2209 1591 quod
2243 1529 2296 1575 fit
2318 1532 2419 1578 Do

398 1595 549 1643 minus
581 1593 732 1657 quoad
756 1593 985 1640 Divinum
1010 1594 1212 1649 Bonum,
1248 1593 1306 1640 de
1343 1609 1433 1656 qua
1472 1609 1533 1640 n:
1561 1593 1732 1659 9806,
1765 1593 1814 1640 &
1838 1608 1894 1640 ex
1919 1592 2243 1655 fignificatione
2267 1600 2419 1645 nomi-

397 1678 512 1710 num
527 1659 736 1708 filiorum
759 1658 942 1716 Israelis,
978 1660 1106 1724 quod
1144 1629 1233 1708 sirit-
1266 1659 1383 1707 bona
1420 1661 1469 1707 ὅτ
1496 1674 1602 1706 vera
1634 1659 1741 1706 coeli
1774 1659 1823 1706 &
1847 1659 2064 1707 Ecclefiae
2097 1662 2248 1725 quoad
2282 1679 2420 1713 omne

397 1726 1015 1859 quglgmdelcriiuaPZRgZiiz
995 1792 1180 1858 judicu
1233 1794 1361 1858 quod
1401 1792 1623 1856 significet
1659 1791 2073 1856 repraesentativum
2112 1795 2220 1842 coeli
2266 1798 2420 1859 quoad

396 1861 625 1915 Divinum
647 1860 824 1907 Verum
864 1860 1044 1908 elucens
1083 1877 1141 1908 ex
1176 1861 1352 1908 Divino
1386 1861 1520 1908 Bono
1539 1861 1751 1917 Domini,
1787 1859 1959 1908 constat
1998 1876 2055 1907 ex
2093 1860 2420 1924 significatione

399 1925 644 1973 Pectoralis
662 1923 841 1995 judicii,
875 1928 1003 1989 quod
1028 1927 1082 1974 fit
1104 1928 1331 1974 Divinum
1357 1927 1533 1973 Verum
1559 1926 1739 1973 elucens
1775 1943 1832 1973 ex
1854 1927 2030 1974 Divino
2053 1929 2183 1975 Bono
2207 1929 2419 1989 Domini,

397 1992 456 2040 de
479 2008 569 2056 qua
591 2008 653 2039 n:
681 1998 845 2055 9857,
881 1992 931 2038 &
954 1993 1083 2055 quod
1107 1993 1160 2040 fit
1183 1993 1599 2057 repraesentativum
1627 1993 1752 2048 coeli,
1790 2010 1851 2039 n:
1882 1996 1968 2055 98·¹
1983 2011 2028 2057 9.
2050 1997 2193 2057 9882.

470 2075 615 2124 9-902
651 2059 796 2121 Super
817 2057 953 2106 corde
978 2057 1073 2115 suo,
1108 2059 1235 2123 quod
1258 2059 1480 2121 significet
1501 2075 1557 2104 ex
1578 2059 1753 2105 Divino
1785 2075 1936 2106 amore
1960 2062 2006 2106 in
2032 2073 2271 2119 veternum,
2310 2079 2420 2112 con-

399 2124 486 2172 stat
507 2141 564 2173 ex
588 2125 913 2187 fignificatione
938 2125 1104 2182 cordiS,
1139 2126 1271 2188 quod
1301 2126 1354 2173 fit
1387 2124 1561 2171 bonum
1596 2126 1776 2182 amoris,
1813 2125 1869 2172 de
1892 2142 1985 2189 qua
2007 2142 2069 2174 n:
2100 2144 2244 2191 3313.
2274 2133 2416 2194 3635.

399 2194 526 2255 3883
554 2191 609 2238 ad
637 2190 779 2254 3896.
811 2206 953 2254 7542.
980 2207 1149 2254 9050,
1186 2192 1290 2237 inde
1329 2207 1438 2238 cum
1479 2191 1536 2236 de
1560 2191 1787 2247 Domino,
1821 2193 1900 2254 qui
1937 2191 2010 2239 hic
2049 2209 2128 2255 per
2152 2196 2420 2262 Aharonem

392 2257 748 2320 repraesentatur,
783 2255 846 2303 est
869 2258 1068 2304 Divinus
1091 2273 1249 2314 amor,
1286 2257 1392 2305 inde
1426 2268 1607 2320 portare
1644 2257 1773 2321 super
1805 2258 1958 2315 corde,
1994 2258 2058 2306 est
2081 2260 2340 2311 conservare
2362 2281 2419 2312 ex

393 2324 1083 2454 Βζζιέξῐῖιῖΐῖζῖῖᾞῗέἱῖῃίῗῖἒ
1090 2391 1148 2438 ad
1178 2390 1398 2449 sansturn,
1435 2391 1562 2455 quod
1599 2389 1855 2454 fignificet‘
1844 2408 1889 2438 in
1914 2392 2040 2438 o‘mni
2067 2393 2212 2452 cultu,
2248 2397 2422 2445 constat

395 2472 455 2504 ex
478 2456 802 2519 significatione
836 2458 1001 2504 intrare
1033 2456 1090 2505 ad
1124 2453 1346 2514 sandium,
1382 2458 1511 2522 quod
1543 2458 1599 2504 fit'
1627 2473 1700 2503 cu
1689 2457 1813 2512 'tus;
1849 2456 2048 2504 sanetum
2076 2463 2198 2506 enim
2225 2463 2418 2513 vocaba-

395 2535 473 2570 tur
494 2523 644 2569 omnis
667 2521 992 2580 administratio
1014 2521 1109 2586 ejus
1133 2524 1188 2571 ad
1213 2524 1364 2580 altare,
1400 2525 1484 2572 ὅτ
1473 2540 1519 2570 in
1544 2516 1738 2571 tentorio
1762 2525 2047 2581 conventius,
2083 2542 2188 2590 quae
2223 2529 2418 2578 admini-

394 2589 550 2637 stratio
572 2600 672 2636 erat
678 2589 859 2645 cultus.-
897 2605 903 2612 ·
930 2626 934 2627 γ
1082 2633 1085 2645 ³

462 2671 605 2720 9904.-
642 2655 749 2711 Ad
762 2655 1115 2704 recordationem
1155 2672 1307 2704 coram
1331 2657 1538 2719 Jehovah
1566 2655 1758 2721 jugiter,
1794 2658 1921 2720 quod
1946 2657 2058 2721 signi
2064 2659 2169 2706 ficet
2190 2677 2249 2708 ex
2276 2662 2415 2711 Mise-

391 2722 618 2774 ricordia
608 2737 658 2780 in
674 2734 932 2781 aeternums
952 2723 1123 2770 constat
1161 2739 1218 2770 ex
1254 2724 1580 2786 fignificatione
1617 2723 1955 2780 recordationis,
1993 2741 2100 2771 cum
2138 2727 2194 2774 de
2219 2729 2410 2789 Divino,

337 2788 519 2865 quod
544 2787 799 2836 constrvare
822 2802 899 2836 aut
922 2789 1103 2837 liberare
1132 2806 1189 2837 ex
1214 2790 1541 2848 Misericordia,
1577 2790 1635 2838 de
1673 2806 1764 2854 qua
1804 2796 2052 2857 11:98493
2089 2793 2136 2840 &
2163 2810 2220 2841 ex
2243 2767 2414 2860 signifi}

391 2856 565 2909 catione
582 2848 772 2919 jugiter,
807 2855 935 2917 quod
962 2856 1045 2902 fit
1038 2865 1082 2904 in
1107 2869 1347 2904 aeternum.

461 2939 605 2986 9905.
645 2921 708 2968 Et
741 2921 866 2967 dabis
902 2922 958 2967 ad
981 2923 1209 2969 Pectorale
1239 2916 1406 2986 judicii
1446 2925 1564 2970 urim
1597 2923 1646 2970 &
1686 2922 1904 2979 thumim,
1939 2925 2065 2988 quod
2091 2925 2312 2988 significet
2335 2944 2412 2978 ex-

388 2987 787 3061 splendescentiam
830 2982 990 3034 Divini
1019 2990 1129 3035 Veri
1168 3005 1192 3035 a
1229 2990 1438 3036 Domino
1480 2992 1524 3037 in
1564 2991 1754 3046 ultimis,
1791 2989 1962 3038 constat
1999 3008 2055 3040 ex
2093 2993 2416 3056 fignificatione

387 3055 634 3113 Peetoralis
650 3052 831 3118 judicii,
872 3055 1001 3116 quod
1034 3055 1087 3101 fit
1111 3056 1338 3102 Divinum
1365 3057 1540 3103 Verum
1567 3057 1744 3103 elucens
1767 3073 1823 3103 ex
1849 3058 2023 3104 Divino
2051 3062 2178 3106 Bono
2203 3061 2412 3117 Domini,

391 3120 459 3167 de
454 3137 569 3183 qua
582 3126 641 3169 n':
672 3123 837 3184 9857,
874 3122 923 3167 &
964 3137 1019 3168 ex
1060 3121 1234 3184 fignifie
1238 3135 1278 3167 at
1282 3123 1383 3168 ione
1422 3123 1561 3168 Urim
1603 3125 1651 3170 δε
1687 3123 1861 3170 Thuns
1853 3140 1934 3179 ΞΞΞΞ,
1970 3126 2096 3188 quod
2132 3125 2183 3171 fit
2220 3126 2328 3172 Lux
2364 3129 2414 3179 &t

309 3188 311 3190 ’
389 3186 829 3248 Exsplendescentia
852 3188 989 3237 inde:
1028 3188 1158 3251 quod
1185 3189 1272 3235 Uri
1278 3205 1325 3235 m
1360 3190 1406 3236 &
1433 3190 1611 3236 Thumi
1600 3206 1662 3235 m
1701 3189 1785 3236 sint
1819 3191 1929 3237 Lux
1962 3192 2010 3238 &
2036 3191 2177 3254 Exspl
2180 3192 2418 3244 endescen-

387 3284 404 3303 ·.
460 3253 597 3302 PARS
621 3253 702 3301 111.
1452 3255 1488 3301 B
1526 3254 1555 3300 b
2353 3262 2428 3319 tia,
